3250 5292
881 483 921 544 50

542 685 596 763 ὄψ’
619 687 810 770 eastsexan
834 696 892 754 τῶν
915 690 989 754 νοντ’
1011 685 1088 755 οἶκον
1112 688 1220 755 οὕνεκα

543 807 663 874 ἄκουσιν
686 807 759 892 πρὸς
784 817 837 877 ποῦ
860 812 944 893 θηρὸς
969 809 1078 892 ἔρξειεν
1102 811 1187 876 τάδε.

388 926 506 996 Horum
540 952 681 998 ramnum
715 954 789 1017 quos
822 932 1001 998 recentiores
1034 933 1162 998 editores
1198 938 1231 996 ut
1264 931 1458 1018 interpolatos

344 1047 564 1134 significarunt,
596 1051 646 1116 hic
676 1051 835 1116 manifesto
863 1073 967 1116 sensns
990 1057 1048 1117 est:
1079 1050 1229 1115 intellexit
1258 1049 1339 1115 enim
1369 1052 1458 1116 miser

344 1190 375 1232 se
397 1168 552 1235 iracundia
581 1192 634 1235 sua
664 1171 720 1235 hoc
748 1170 865 1236 facinus
894 1171 1079 1250 accendisse,
1108 1171 1130 1235 i.
1151 1192 1178 1234 e.
1207 1167 1373 1255 opprobriis
1395 1170 1458 1235 suis

343 1294 375 1353 et
403 1290 566 1368 conviciis,
596 1290 705 1375 quibus
733 1293 766 1355 in
797 1295 921 1355 matrem
950 1290 1086 1355 invectus
1116 1295 1194 1355 esset
1215 1311 1247 1354 se
1268 1289 1400 1356 effecisse
1421 1297 1458 1356 nt

342 1407 395 1472 illa
421 1415 550 1475 mortem
579 1409 636 1475 sibi
667 1411 879 1491 conscisceret,
914 1432 979 1475 sero
1013 1409 1138 1474 edoctus
1172 1413 1296 1473 matrem
1329 1408 1456 1474 invitam

342 1527 459 1594 facinus
481 1535 665 1616 perpetrasse
687 1553 704 1594 a
727 1528 875 1596 Centauro
899 1529 1065 1616 deceptam.
1110 1527 1209 1593 Verba
1231 1526 1309 1605 ἔγνον
1326 1533 1357 1593 et
1376 1527 1455 1609 ἐφιέ-

342 1653 428 1727 φειεν
458 1647 553 1735 igitur
580 1650 618 1714 ad
646 1669 741 1714 unum
769 1649 972 1733 eundemque,
1004 1649 1115 1734 quippe
1138 1647 1282 1734 Hyllum,
1305 1647 1456 1714 referenda

341 1772 422 1834 sunt.

385 1884 484 1953 Aliter
501 1893 532 1953 et
551 1887 708 1953 manifesto
724 1887 799 1952 falso
818 1886 891 1951 haec
911 1886 1124 1972 interpretatur
1139 1884 1318 1966 Scholiasta,
1337 1885 1454 1951 dicens:

340 2004 417 2085 ἔγνον
442 2005 504 2087 γὰρ
529 2007 614 2071 κοινοὶ
640 2013 733 2071 ποῖον·
755 2007 862 2087 τρόπον
893 2012 982 2072 τοῦτο
1013 2005 1152 2082 ἐποίησεν
1178 2009 1195 2081 ἡ
1219 2007 1320 2086 μήπνρ
1345 2009 1438 2072 novoe

340 2125 490 2208 συνεῖδεν,
514 2126 552 2198 ὡς
578 2125 827 2205 oppressiones}
852 2127 894 2207 cpi
921 2128 1097 2201 ἠποιπῆοθοιι
1122 2125 1207 2205 ποιροὶ
1234 2130 1287 2191 τοῦ
1317 2126 1455 2207 Νέσσον,

338 2246 372 2310 πὸ
395 2243 482 2327 ἔργον
505 2250 594 2312 τοῦτο
618 2244 816 2326 διεπράξατο.

380 2365 498 2432 Deinde
520 2388 557 2431 ex
579 2366 635 2431 ha'c
658 2366 903 2451 interpretatione
925 2367 1011 2451 sequi
1033 2365 1154 2432 videtur
1180 2366 1379 2430 Scholiastam
1399 2387 1454 2450 pro

335 2483 455 2549 ἄκουσον
478 2484 561 2550 alind
582 2484 690 2570 legisse
712 2483 909 2565 vocabulum,
940 2486 1020 2570 quod
1048 2507 1101 2570 per
1130 2485 1179 2550 ἐπὶ
1205 2486 1246 2564 τῷ
1272 2485 1451 2560 tonstallo

335 2604 549 2691 interpretatus
581 2603 632 2668 eit.
676 2604 763 2686 Quae
793 2605 918 2701 fortasse
949 2625 1038 2668 cause
1066 2603 1143 2683 luit,
1172 2625 1263 2689 quare
1293 2603 1345 2668 alii
1368 2607 1453 2683 σφιν·

336 2731 448 2805 λεῖπον,
472 2723 523 2790 slii
547 2724 709 2788 waledalen
732 2746 786 2810 pro
809 2722 929 2790 duacen
953 2722 1142 2790 scribendum
1168 2722 1387 2808 proposuerint.

229 2864 307 2922 1083,
375 2841 430 2911 Ὦ
465 2844 537 2914 Διὸς
569 2842 658 2914 claris
694 2844 822 2927 ποιῖοον]
855 2839 909 2906 Ὦ
942 2829 1085 2923 κεροιννὲ,
1120 2840 1183 2906 εἴτε
1213 2867 1254 2921 με
1289 2840 1451 2920 λάβοιο.

297 3001 300 3019 ι
335 2963 449 3032 Immo:
483 2961 650 3046 βάλοις,
684 2969 736 3030 ut:
772 2969 829 3036 νῆοι
855 2963 921 3034 θοὴν
945 2961 1045 3040 dlicta
1069 2960 1212 3040 ψολόεντι
1236 2962 1386 3041 κεροιννῷ,
1422 2967 1453 3024 et

336 3082 518 3172 composito:
542 3081 779 3165 κερνοννοβόλος,
806 3081 1047 3162 κερνονοβολίοι,
1071 3079 1322 3161 κεροιννοβολεῖν,
1346 3104 1452 3160 κερνο-

337 3203 462 3282 volitis.

228 3341 307 3398 1103.
380 3322 577 3404 ε’νενοοίμνν,
601 3320 773 3403 ἑπειροὶθνν.

379 3441 454 3508 Post
475 3440 656 3522 s’ysvcolpcnn
679 3441 738 3507 duo
760 3447 872 3529 puncta
897 3441 1050 3530 ponende,
1075 3449 1110 3507 ut
1132 3441 1173 3508 sit
1195 3442 1311 3508 lemma.

337 3623 349 3652 ,ὣ
379 3557 771 3643 {neocaesareenses
