3210 5292
589 509 592 514 “
679 499 697 558 3

122 711 267 798 pretende
289 709 346 772 hoo
368 707 435 770 loco
458 703 534 768 nihil
553 701 683 794 faciant,¹
708 701 803 763 immo
825 701 1055 786 explicationem
1072 700 1247 766 venborum:

123 831 199 894 άλλ’
223 828 257 905 ἐξ
289 828 434 904 ὑπαρχῆς
468 816 552 892 αὖθις
584 817 655 883 αὔτ’
686 819 746 895 ἐγὼ
770 821 861 897 φανῶ
885 820 1019 904 incipere
1041 843 1059 884 a
1081 818 1250 885 verbisne·

122 947 304 1032 quentibus:
328 939 413 1018 Οἷον,
436 939 678 1019 άναδραμοῦμαι
702 936 752 1001 ἐπὶ
775 938 831 1009 τὴν
851 939 951 1017 άρχίιν
971 944 1026 1004 τοῦ
1045 937 1247 1019 πράγματος.

121 1065 229 1151 Iungit
257 1064 350 1148 igitur
377 1060 475 1147 prime
498 1058 589 1122 huius
612 1056 721 1120 scholii
743 1056 833 1121 verbe
856 1079 926 1122 oum
949 1059 1109 1143 postiemie
1132 1064 1250 1123 antece·

121 1184 221 1250 dentis
243 1181 373 1260 scholii,
398 1177 544 1243 vocabulo
576 1171 663 1248 αὖτις
688 1176 721 1240 in
744 1175 851 1241 lemme
872 1184 1010 1263 recepto,
1034 1179 1077 1241 ita
1101 1182 1136 1240 ut
1152 1178 1251 1264 legen·

122 1303 194 1367 dum
223 1301 280 1364 eit:

170 1423 230 1485 130
255 1419 286 1483 in
311 1419 370 1483 fine
423 1413 602 1485 τουτέστιν,
639 1413 681 1477 τά
717 1417 828 1494 ἀφανῆ
861 1413 1041 1492 αἰνίγματα
1074 1413 1177 1495 ζητεῖν
1208 1413 1250 1477 τά

425 1532 642 1614 παρακείμενα
667 1536 752 1610 ἡμῖν.

170 1659 230 1721 132
255 1655 287 1720 in
311 1654 400 1719 initio
424 1654 516 1716 Ἀλλ’
541 1652 575 1728 ἐξ
597 1653 742 1732 ὑπαρχῆς
767 1646 870 1722 otoo:
894 1645 987 1726 Οἷον,
1006 1649 1249 1732 άναδραμοῒιμαι

428 1771 477 1835 ἐπὶ
503 1771 558 1843 τὴν
582 1771 683 1850 άρχάν
708 1776 761 1835 τοῦ
786 1769 990 1851 πράγματος.

22 1900 47 1956 3.
68 1901 93 1955 2.
170 1891 307 1969 Δείματι
340 1889 488 1975 πάλλων]
523 1889 610 1953 Ἀντὶ
644 1894 718 1966 τοῦ,
752 1886 951 1970 παλλόμενος
975 1889 1087 1973 φάβιρ,
1111 1891 1250 1968 άγοινιῶν
1342 1922 1346 1930 ·

523 2034 574 2090 χρ,
600 2013 716 2091 πολλῷ.

169 2129 331 2194 Elmsleius
350 2125 434 2194 'recte
457 2128 598 2192 observet
621 2129 734 2193 variam
753 2128 914 2194 lectionem
933 2133 1029 2194 ortem
1049 2152 1113 2195 esee
1132 2153 1168 2196 ex
1188 2154 1252 2198 non

125 2235 277 2312 intellecta
297 2247 520 2333 significatione
544 2253 652 2312 neutra
675 2229 755 2311 verbi
782 2246 925 2314 πάλλον.

34 2370 94 2427 160.
168 2366 326 2431 scholium
354 2367 426 2430 huio
449 2368 549 2430 versui
577 2366 762 2450 adscriptum
787 2390 803 2431 e
827 2368 944 2433 duabus
967 2369 1103 2454 partibus
1127 2370 1253 2455 congiu-

123 2485 256 2550 tinetnm
287 2493 346 2565 eet,
376 2485 525 2574 particulo
553 2485 592 2548 δέ
624 2487 703 2549 inter
729 2487 905 2552 seiunctis,
951 2486 1039 2552 Prior
1061 2488 1141 2552 enim
1165 2510 1252 2574 pars:

121 2605 225 2677 ἐπειδὴ
251 2605 266 2677 ἡ
293 2604 372 2677 αὐτά
398 2603 463 2666 ἐστι
489 2612 527 2683 τῇ
554 2602 686 2682 Ἑκάτρ.
725 2604 761 2664 Ἡ
787 2604 817 2666 δὲ
843 2604 906 2673 θεὸς
932 2601 1010 2678 αὕτη
1033 2606 1063 2669 ἕν
1081 2614 1152 2677 ταῖς
1174 2607 1252 2684 otyo-

121 2730 188 2801 ραῒς
219 2723 351 2786 εἱλεῖται
382 2721 536 2785 referende
570 2721 607 2783 ed
625 2721 745 2784 norbo:
781 2720 801 2783 ά
830 2722 988 2787 κνκλάεντ’
1013 2726 1131 2803 άχοράς
1155 2722 1252 2805 θρόνον

123 2840 239 2906 εὐκλέα
275 2838 393 2904 άάοοει.
438 2839 557 2905 Altera:
592 2839 750 2918 Γαιάοχον
789 2841 844 2916 δὲ,
879 2841 948 2906 άντὶ
985 2849 1038 2907 τοῦ
1074 2850 1251 2925 πολιοῦχον.

119 2961 229 3024 Ὥστε
261 2962 316 3032 τάν
345 2967 404 3037 γῆν
436 2959 504 3022 άιτὶ
536 2966 591 3032 τῆς
617 2958 735 3028 πόλεως
761 2959 891 3040 εἴληφεν
909 2962 1053 3026 ,continet
1075 2963 1252 3049 interpreto-

123 3080 238 3144 tionem
263 3077 437 3142 verbornm:
462 3076 619 3157 ,ναιάοχάν
644 3081 674 3140 τ’
699 3078 873 3158 ιὀδελφεάν.

34 3205 93 3260 162.
168 3197 228 3261 Καὶ
251 3196 362 3272 Φοῖβον
382 3194 552 3272 ἐκαβόλονε
573 3195 677 3276 Τάχα
699 3199 755 3274 μὲν
778 3199 829 3262 διά
849 3198 884 3261 τὸ
905 3198 956 3261 ε’πὶ
976 3199 1071 3280 λοιμῷ
1085 3199 1141 3273 τὴν
1154 3199 1251 3278 εὑχὶρν

68 3367 71 3371 .
124 3315 288 3394 γενέσθαι,
311 3309 349 3378 ὧν
374 3313 471 3385 αἴτιος
494 3309 571 3378 εἶναι
597 3315 690 3379 δοκεῖ·

167 3433 226 3498 Pro
250 3429 296 3496 ὧν
319 3431 509 3498 scribendum
533 3427 585 3496 οὗ.
629 3433 769 3499 Pertinet
791 3436 871 3500 enim
897 3435 934 3499 ad
958 3437 1066 3516 λοιμῷ.

35 3557 95 3613 164.
167 3551 278 3617 Totum
309 3550 458 3616 scholium
489 3556 604 3636 spectat
636 3551 674 3615 ad
704 3551 765 3616 duo
793 3553 899 3619 verba:
932 3553 1060 3628 αἰνέσατ’
1085 3553 1251 3632 ἐκτοπίαν,

124 3691 221 3754 neque
244 3669 410 3755 quidquam
432 3669 461 3733 ei
484 3668 579 3746 inest,
603 3668 685 3751 quod
706 3669 748 3732 sit
763 3669 950 3736 referendum
965 3673 1004 3737 ed
1019 3672 1142 3754 lemma,
1167 3672 1251 3756 qnod

125 3790 153 3854 ei
175 3790 339 3874 praefixum
361 3793 416 3853 eet.

36 3919 96 3978 190.
165 3907 266 3987 ’Άρεά
299 3931 335 3971 τε
369 3907 421 3972 τὸν
453 3903 608 3986 μαλεράνι
644 3905 731 3968 'Anni
767 3911 842 3983 τοῦ,
873 3908 924 3972 τὸν
956 3906 1247 3990 καταμαραίνοντα.

124 4025 245 4090 Τάττει
267 4027 298 4090 δὲ
320 4032 409 4091 τοῦτο
432 4025 483 4091 ε’πὶ
506 4029 559 4090 τοῦ
578 4029 707 4103 λοιμοῦ,
726 4029 779 4090 τοῦ
793 4024 877 4101 διἰιερν
890 4027 1084 4108 άναιροῦντος
1098 4026 1249 4106 πολέμου.

123 4146 173 4211 Ito
195 4146 269 4210 haeo
292 4145 451 4210 Elmeleius
473 4144 571 4209 edidit
593 4167 630 4209 ex
655 4145 820 4209 mutatione
835 4145 971 4210 Editoris
986 4145 1130 4226 Romeni3
1144 4145 1252 4211 Codex

124 4263 205 4330 enim
235 4264 344 4328 habet:
374 4264 425 4328 τὸν
458 4263 542 4338 δίκην
573 4264 760 4342 άναιροῦντα
791 4264 929 4343 πολέμου
938 4311 948 4342 ,
979 4286 1076 4349 neque
1107 4266 1164 4330 hoo
1186 4271 1251 4331 eret

124 4381 320 4468 tangendum.
343 4380 544 4446 Referendem
557 4382 637 4446 enim
658 4382 695 4446 ad
709 4382 811 4463 Ἄρεα
830 4382 882 4447 τὸν
902 4381 1056 4464 μαλεράν,
1077 4384 1129 4449 τὸν
1148 4407 1249 4450 κατα·
