<?xml version="1.0" encoding="UTF-8"?>
<!DOCTYPE html PUBLIC "-//W3C//DTD XHTML 1.0 Transitional//EN"
    "http://www.w3.org/TR/xhtml1/DTD/xhtml1-transitional.dtd">
<html xmlns="http://www.w3.org/1999/xhtml" xml:lang="en" lang="en">
 <head>
  <title>
</title>
<meta http-equiv="Content-Type" content="text/html;charset=utf-8" />
  <meta name='ocr-system' content='tesseract 3.04.00' />
  <meta name='ocr-capabilities' content='ocr_page ocr_carea ocr_par ocr_line ocrx_word'/>
</head>
<body>
  <div class='ocr_page' id='page_1' title='image "annotationesads00kruygoog_0076.png"; bbox 0 0 3250 5292; ppageno 0'>
   <div class='ocr_carea' id='block_1_1' title="bbox 724 509 765 570">
    <p class='ocr_par' dir='ltr' id='par_1_1' title="bbox 724 509 765 570">
     <span class='ocr_line' id='line_1_1' title="bbox 724 509 765 570; baseline 0 0"><span class='ocrx_word' id='word_1_1' title='bbox 724 509 765 570; x_wconf 78' lang='lat'><strong>53</strong></span> 
     </span>
    </p>
   </div>
   <div class='ocr_carea' id='block_1_2' title="bbox 113 710 1299 1037">
    <p class='ocr_par' dir='ltr' id='par_1_2' title="bbox 113 710 1299 1037">
     <span class='ocr_line' id='line_1_2' title="bbox 113 710 1299 794; baseline -0.006 -14"><span class='ocrx_word' id='word_1_2' title='bbox 113 729 159 784; x_wconf 78' lang='lat'><strong>55,</strong></span> <span class='ocrx_word' id='word_1_3' title='bbox 232 716 281 780; x_wconf 82' lang='lat' dir='ltr'><strong>Ad</strong></span> <span class='ocrx_word' id='word_1_4' title='bbox 315 716 419 780; x_wconf 82' lang='lat' dir='ltr'><strong>verba:</strong></span> <span class='ocrx_word' id='word_1_5' title='bbox 454 715 511 778; x_wconf 77' lang='grc' dir='ltr'><strong>ἐνθ’</strong></span> <span class='ocrx_word' id='word_1_6' title='bbox 543 714 690 780; x_wconf 77' lang='grc' dir='ltr'><em>εἰσπεσὼν</em></span> <span class='ocrx_word' id='word_1_7' title='bbox 725 712 819 794; x_wconf 79' lang='grc' dir='ltr'><em>ἔκειρε</em></span> <span class='ocrx_word' id='word_1_8' title='bbox 850 712 1023 793; x_wconf 79' lang='grc' dir='ltr'><em>πολύκερων</em></span> <span class='ocrx_word' id='word_1_9' title='bbox 1053 710 1144 794; x_wconf 77' lang='grc' dir='ltr'><em>Φόνον</em></span> <span class='ocrx_word' id='word_1_10' title='bbox 1174 715 1299 775; x_wconf 88' lang='lat' dir='ltr'><strong>annotat</strong></span> 
     </span>
     <span class='ocr_line' id='line_1_3' title="bbox 188 834 940 917; baseline 0 -19"><span class='ocrx_word' id='word_1_11' title='bbox 188 834 365 901; x_wconf 75' lang='lat' dir='ltr'><strong>scholiasta:</strong></span> <span class='ocrx_word' id='word_1_12' title='bbox 388 835 471 916; x_wconf 71' lang='grc' dir='ltr'><em>ἤτοι,</em></span> <span class='ocrx_word' id='word_1_13' title='bbox 495 835 564 900; x_wconf 70' lang='grc' dir='ltr'><strong>ἀντὶ</strong></span> <span class='ocrx_word' id='word_1_14' title='bbox 588 841 660 917; x_wconf 83' lang='grc' dir='ltr'><em>τοῦ,</em></span> <span class='ocrx_word' id='word_1_15' title='bbox 685 834 786 916; x_wconf 80' lang='grc' dir='ltr'><em>κείρων</em></span> <span class='ocrx_word' id='word_1_16' title='bbox 811 836 826 899; x_wconf 97' lang='grc' dir='ltr'><em>ἐ</em></span> <span class='ocrx_word' id='word_1_17' title='bbox 834 836 940 917; x_wconf 69' lang='grc' dir='ltr'><em>πηει.</em></span> 
     </span>
     <span class='ocr_line' id='line_1_4' title="bbox 230 952 776 1037; baseline 0.005 -20"><span class='ocrx_word' id='word_1_18' title='bbox 230 952 290 1018; x_wconf 84' lang='lat' dir='ltr'><strong>Pro</strong></span> <span class='ocrx_word' id='word_1_19' title='bbox 313 955 399 1037; x_wconf 66' lang='grc' dir='ltr'><em>ἐπῄει</em></span> <span class='ocrx_word' id='word_1_20' title='bbox 423 954 612 1021; x_wconf 85' lang='lat' dir='ltr'><strong>scribendum</strong></span> <span class='ocrx_word' id='word_1_21' title='bbox 635 954 776 1020; x_wconf 90' lang='grc' dir='ltr'><em>ἐποιέι.</em></span> 
     </span>
    </p>
   </div>
   <div class='ocr_carea' id='block_1_3' title="bbox 112 1055 881 1160">
    <p class='ocr_par' dir='ltr' id='par_1_3' title="bbox 112 1055 881 1160">
     <span class='ocr_line' id='line_1_5' title="bbox 112 1055 881 1160; baseline -0.005 -17"><span class='ocrx_word' id='word_1_22' title='bbox 112 1089 158 1146; x_wconf 87' lang='grc'><strong>60.</strong></span> <span class='ocrx_word' id='word_1_23' title='bbox 229 1073 285 1144; x_wconf 82' lang='grc' dir='ltr'><strong>Εἷς</strong></span> <span class='ocrx_word' id='word_1_24' title='bbox 305 1055 378 1155; x_wconf 58' lang='grc' dir='ltr'><em>’ἕρκη</em></span> <span class='ocrx_word' id='word_1_25' title='bbox 402 1073 501 1160; x_wconf 73' lang='grc' dir='ltr'><em>κοινοὶ]</em></span> <span class='ocrx_word' id='word_1_26' title='bbox 525 1098 574 1156; x_wconf 75' lang='grc' dir='ltr'><strong>ηρ.</strong></span> <span class='ocrx_word' id='word_1_27' title='bbox 599 1077 631 1146; x_wconf 83' lang='grc' dir='ltr'><strong>ἐς</strong></span> <span class='ocrx_word' id='word_1_28' title='bbox 656 1076 749 1156; x_wconf 80' lang='grc' dir='ltr'><em>ἐρινῦν</em></span> <span class='ocrx_word' id='word_1_29' title='bbox 773 1077 881 1150; x_wconf 80' lang='grc' dir='ltr'><em>κοικηι.</em></span> 
     </span>
    </p>
   </div>
   <div class='ocr_carea' id='block_1_4' title="bbox 111 1190 1301 2596">
    <p class='ocr_par' dir='ltr' id='par_1_4' title="bbox 111 1190 1301 2596">
     <span class='ocr_line' id='line_1_6' title="bbox 229 1190 1298 1278; baseline -0.002 -22"><span class='ocrx_word' id='word_1_30' title='bbox 229 1190 288 1257; x_wconf 86' lang='lat' dir='ltr'><strong>Pro</strong></span> <span class='ocrx_word' id='word_1_31' title='bbox 323 1194 416 1275; x_wconf 76' lang='grc' dir='ltr'><em>ἐρινῦν</em></span> <span class='ocrx_word' id='word_1_32' title='bbox 449 1193 545 1261; x_wconf 87' lang='lat' dir='ltr'><strong>scribe</strong></span> <span class='ocrx_word' id='word_1_33' title='bbox 578 1195 683 1276; x_wconf 81' lang='grc' dir='ltr'><em>ἐρινύν.</em></span> <span class='ocrx_word' id='word_1_34' title='bbox 729 1193 811 1262; x_wconf 90' lang='lat' dir='ltr'><strong>Hinc</strong></span> <span class='ocrx_word' id='word_1_35' title='bbox 844 1194 1035 1259; x_wconf 83' lang='lat' dir='ltr'><strong>Hermannus</strong></span> <span class='ocrx_word' id='word_1_36' title='bbox 1069 1191 1150 1278; x_wconf 86' lang='lat' dir='ltr'><strong>apud</strong></span> <span class='ocrx_word' id='word_1_37' title='bbox 1178 1193 1298 1277; x_wconf 89' lang='lat' dir='ltr'><strong>poetam</strong></span> 
     </span>
     <span class='ocr_line' id='line_1_7' title="bbox 186 1311 1054 1394; baseline 0 -18"><span class='ocrx_word' id='word_1_38' title='bbox 186 1311 376 1379; x_wconf 82' lang='lat' dir='ltr'><strong>scribendum</strong></span> <span class='ocrx_word' id='word_1_39' title='bbox 398 1315 540 1380; x_wconf 85' lang='lat' dir='ltr'><strong>coniecit:</strong></span> <span class='ocrx_word' id='word_1_40' title='bbox 563 1313 750 1392; x_wconf 73' lang='grc' dir='ltr'>εἰσέβαλλον</span> <span class='ocrx_word' id='word_1_41' title='bbox 772 1315 815 1386; x_wconf 78' lang='grc' dir='ltr'><strong>εἷς</strong></span> <span class='ocrx_word' id='word_1_42' title='bbox 840 1311 921 1394; x_wconf 87' lang='grc' dir='ltr'><em>ἐριν</em></span> <span class='ocrx_word' id='word_1_43' title='bbox 945 1311 1054 1387; x_wconf 76' lang='grc' dir='ltr'><em>κοινήν.</em></span> 
     </span>
     <span class='ocr_line' id='line_1_8' title="bbox 111 1419 1299 1518; baseline -0.004 -19"><span class='ocrx_word' id='word_1_44' title='bbox 111 1441 157 1499; x_wconf 83' lang='grc'><strong>77.</strong></span> <span class='ocrx_word' id='word_1_45' title='bbox 228 1430 414 1513; x_wconf 82' lang='lat' dir='ltr'><strong>Minervam,</strong></span> <span class='ocrx_word' id='word_1_46' title='bbox 448 1433 569 1498; x_wconf 86' lang='lat' dir='ltr'><strong>Aiacem</strong></span> <span class='ocrx_word' id='word_1_47' title='bbox 602 1456 619 1498; x_wconf 91' lang='lat' dir='ltr'><strong>e</strong></span> <span class='ocrx_word' id='word_1_48' title='bbox 645 1419 782 1499; x_wconf 82' lang='lat' dir='ltr'><strong>tentorio</strong></span> <span class='ocrx_word' id='word_1_49' title='bbox 815 1438 1005 1513; x_wconf 78' lang='lat' dir='ltr'><strong>evocantem,</strong></span> <span class='ocrx_word' id='word_1_50' title='bbox 1040 1430 1180 1518; x_wconf 81' lang='lat' dir='ltr'><strong>Ulysses,</strong></span> <span class='ocrx_word' id='word_1_51' title='bbox 1215 1431 1299 1495; x_wconf 89' lang='lat' dir='ltr'><strong>metu</strong></span> 
     </span>
     <span class='ocr_line' id='line_1_9' title="bbox 184 1551 927 1638; baseline 0 -22"><span class='ocrx_word' id='word_1_52' title='bbox 184 1551 356 1638; x_wconf 87' lang='lat' dir='ltr'><strong>perculsus,</strong></span> <span class='ocrx_word' id='word_1_53' title='bbox 379 1575 397 1616; x_wconf 90' lang='lat' dir='ltr'><strong>a</strong></span> <span class='ocrx_word' id='word_1_54' title='bbox 418 1551 572 1637; x_wconf 86' lang='lat' dir='ltr'><strong>proposito</strong></span> <span class='ocrx_word' id='word_1_55' title='bbox 595 1552 718 1632; x_wconf 86' lang='lat' dir='ltr'><strong>retinet,</strong></span> <span class='ocrx_word' id='word_1_56' title='bbox 742 1552 927 1617; x_wconf 78' lang='lat' dir='ltr'><strong>exclamans:</strong></span> 
     </span>
     <span class='ocr_line' id='line_1_10' title="bbox 361 1668 1109 1752; baseline 0 -18"><span class='ocrx_word' id='word_1_57' title='bbox 361 1671 405 1748; x_wconf 76' lang='grc' dir='ltr'><strong>μη</strong></span> <span class='ocrx_word' id='word_1_58' title='bbox 429 1670 501 1751; x_wconf 81' lang='grc' dir='ltr'><em>πρὸς</em></span> <span class='ocrx_word' id='word_1_59' title='bbox 525 1672 615 1752; x_wconf 80' lang='grc' dir='ltr'><em>θεῶν,</em></span> <span class='ocrx_word' id='word_1_60' title='bbox 639 1669 716 1736; x_wconf 74' lang='lat' dir='ltr'><strong>aaa’</strong></span> <span class='ocrx_word' id='word_1_61' title='bbox 741 1668 820 1735; x_wconf 76' lang='grc' dir='ltr'><em>ἔνδον</em></span> <span class='ocrx_word' id='word_1_62' title='bbox 847 1669 976 1752; x_wconf 77' lang='grc' dir='ltr'><em>ιὶρκείτοι</em></span> <span class='ocrx_word' id='word_1_63' title='bbox 1000 1668 1109 1749; x_wconf 77' lang='grc' dir='ltr'><em>μένων.</em></span> 
     </span>
     <span class='ocr_line' id='line_1_11' title="bbox 228 1789 987 1874; baseline 0 -20"><span class='ocrx_word' id='word_1_64' title='bbox 228 1789 277 1854; x_wconf 85' lang='lat' dir='ltr'><strong>nd</strong></span> <span class='ocrx_word' id='word_1_65' title='bbox 299 1811 375 1874; x_wconf 89' lang='lat' dir='ltr'><strong>quae</strong></span> <span class='ocrx_word' id='word_1_66' title='bbox 399 1789 551 1872; x_wconf 78' lang='lat' dir='ltr'><strong>Minerva,</strong></span> <span class='ocrx_word' id='word_1_67' title='bbox 575 1790 638 1856; x_wconf 91' lang='lat' dir='ltr'><strong>eius</strong></span> <span class='ocrx_word' id='word_1_68' title='bbox 662 1790 858 1856; x_wconf 87' lang='lat' dir='ltr'><strong>confirmandi</strong></span> <span class='ocrx_word' id='word_1_69' title='bbox 881 1811 987 1854; x_wconf 89' lang='lat' dir='ltr'><strong>causa:</strong></span> 
     </span>
     <span class='ocr_line' id='line_1_12' title="bbox 356 1903 1103 1990; baseline -0.001 -18"><span class='ocrx_word' id='word_1_70' title='bbox 356 1907 389 1972; x_wconf 85' lang='grc' dir='ltr'><strong>σι’</strong></span> <span class='ocrx_word' id='word_1_71' title='bbox 410 1909 454 1985; x_wconf 77' lang='grc' dir='ltr'><strong>μη</strong></span> <span class='ocrx_word' id='word_1_72' title='bbox 477 1907 625 1986; x_wconf 69' lang='grc' dir='ltr'><em>γένητοιις</em></span> <span class='ocrx_word' id='word_1_73' title='bbox 651 1908 777 1990; x_wconf 77' lang='grc' dir='ltr'><em>πρόσθεν</em></span> <span class='ocrx_word' id='word_1_74' title='bbox 800 1911 853 1974; x_wconf 82' lang='grc' dir='ltr'><strong>οὐκ</strong></span> <span class='ocrx_word' id='word_1_75' title='bbox 880 1909 953 1989; x_wconf 78' lang='grc' dir='ltr'><em>οὶνηρ</em></span> <span class='ocrx_word' id='word_1_76' title='bbox 978 1903 1027 1972; x_wconf 77' lang='grc' dir='ltr'><strong>ὅδ’</strong></span> <span class='ocrx_word' id='word_1_77' title='bbox 1049 1903 1103 1983; x_wconf 71' lang='grc' dir='ltr'><strong>ἦνς</strong></span> 
     </span>
     <span class='ocr_line' id='line_1_13' title="bbox 183 2027 1300 2115; baseline 0 -21"><span class='ocrx_word' id='word_1_78' title='bbox 183 2029 215 2094; x_wconf 88' lang='lat' dir='ltr'><strong>id</strong></span> <span class='ocrx_word' id='word_1_79' title='bbox 248 2035 311 2095; x_wconf 86' lang='lat' dir='ltr'><strong>est:</strong></span> <span class='ocrx_word' id='word_1_80' title='bbox 345 2029 430 2094; x_wconf 88' lang='lat' dir='ltr'><strong>Num</strong></span> <span class='ocrx_word' id='word_1_81' title='bbox 464 2035 551 2093; x_wconf 78' lang='lat' dir='ltr'><strong>autea</strong></span> <span class='ocrx_word' id='word_1_82' title='bbox 581 2052 641 2093; x_wconf 91' lang='lat' dir='ltr'><strong>uon</strong></span> <span class='ocrx_word' id='word_1_83' title='bbox 672 2029 731 2094; x_wconf 83' lang='lat' dir='ltr'><strong>fuit</strong></span> <span class='ocrx_word' id='word_1_84' title='bbox 759 2027 825 2094; x_wconf 78' lang='lat' dir='ltr'><strong>vir?</strong></span> <span class='ocrx_word' id='word_1_85' title='bbox 858 2029 898 2092; x_wconf 76' lang='lat' dir='ltr'><strong>Bt</strong></span> <span class='ocrx_word' id='word_1_86' title='bbox 926 2028 970 2093; x_wconf 90' lang='lat' dir='ltr'><strong>ita</strong></span> <span class='ocrx_word' id='word_1_87' title='bbox 998 2027 1156 2093; x_wconf 81' lang='lat' dir='ltr'><strong>scholiasta</strong></span> <span class='ocrx_word' id='word_1_88' title='bbox 1181 2050 1300 2115; x_wconf 87' lang='lat' dir='ltr'><strong>quoque</strong></span> 
     </span>
     <span class='ocr_line' id='line_1_14' title="bbox 184 2133 1299 2234; baseline 0 -22"><span class='ocrx_word' id='word_1_89' title='bbox 184 2133 266 2213; x_wconf 87' lang='lat' dir='ltr'><strong>recte</strong></span> <span class='ocrx_word' id='word_1_90' title='bbox 286 2149 387 2212; x_wconf 89' lang='lat' dir='ltr'><strong>locum</strong></span> <span class='ocrx_word' id='word_1_91' title='bbox 409 2147 639 2234; x_wconf 84' lang='lat' dir='ltr'><strong>interpretatur:</strong></span> <span class='ocrx_word' id='word_1_92' title='bbox 663 2150 717 2223; x_wconf 80' lang='grc' dir='ltr'><strong>Μη</strong></span> <span class='ocrx_word' id='word_1_93' title='bbox 742 2147 774 2213; x_wconf 79' lang='grc' dir='ltr'><strong>τί</strong></span> <span class='ocrx_word' id='word_1_94' title='bbox 795 2147 925 2226; x_wconf 76' lang='grc' dir='ltr'><em>ηένητοιι</em></span> <span class='ocrx_word' id='word_1_95' title='bbox 948 2148 1056 2232; x_wconf 71' lang='grc' dir='ltr'><strong>φοβῇς</strong></span> <span class='ocrx_word' id='word_1_96' title='bbox 1083 2148 1143 2228; x_wconf 79' lang='grc' dir='ltr'><strong>οὐχ</strong></span> <span class='ocrx_word' id='word_1_97' title='bbox 1166 2147 1180 2210; x_wconf 82' lang='grc' dir='ltr'><strong><em>ὅ</em></strong></span> <span class='ocrx_word' id='word_1_98' title='bbox 1205 2145 1299 2220; x_wconf 71' lang='lat' dir='ltr'><strong>atate</strong></span> 
     </span>
     <span class='ocr_line' id='line_1_15' title="bbox 185 2262 1299 2351; baseline 0.002 -19"><span class='ocrx_word' id='word_1_99' title='bbox 185 2262 218 2342; x_wconf 79' lang='grc' dir='ltr'><strong>ἦν</strong></span> <span class='ocrx_word' id='word_1_100' title='bbox 242 2267 295 2332; x_wconf 78' lang='lat' dir='ltr'><strong>acl</strong></span> <span class='ocrx_word' id='word_1_101' title='bbox 321 2266 462 2348; x_wconf 82' lang='grc' dir='ltr'><em>πρότερον</em></span> <span class='ocrx_word' id='word_1_102' title='bbox 485 2265 652 2351; x_wconf 77' lang='grc' dir='ltr'><em>σ’ἑιθροιπος,</em></span> <span class='ocrx_word' id='word_1_103' title='bbox 675 2267 751 2334; x_wconf 74' lang='grc' dir='ltr'><strong>ἀλλ’</strong></span> <span class='ocrx_word' id='word_1_104' title='bbox 776 2267 859 2334; x_wconf 79' lang='grc' dir='ltr'><em>οὐδὲν</em></span> <span class='ocrx_word' id='word_1_105' title='bbox 885 2269 968 2346; x_wconf 69' lang='grc' dir='ltr'><strong>ὑμᾶς</strong></span> <span class='ocrx_word' id='word_1_106' title='bbox 992 2265 1164 2349; x_wconf 75' lang='grc' dir='ltr'><em>εἶρηοέσοιτο</em></span> <span class='ocrx_word' id='word_1_107' title='bbox 1188 2266 1299 2350; x_wconf 79' lang='grc' dir='ltr'><em>κοοκέν,</em></span> 
     </span>
     <span class='ocr_line' id='line_1_16' title="bbox 185 2386 550 2468; baseline 0.008 -16"><span class='ocrx_word' id='word_1_108' title='bbox 185 2391 268 2468; x_wconf 75' lang='grc' dir='ltr'><em>ἡμῶν</em></span> <span class='ocrx_word' id='word_1_109' title='bbox 292 2386 550 2467; x_wconf 73' lang='grc' dir='ltr'><em>ἐπιμελουμένων.</em></span> 
     </span>
     <span class='ocr_line' id='line_1_17' title="bbox 227 2504 1301 2596; baseline -0.002 -22"><span class='ocrx_word' id='word_1_110' title='bbox 227 2509 338 2589; x_wconf 89' lang='lat' dir='ltr'><strong>Recta,</strong></span> <span class='ocrx_word' id='word_1_111' title='bbox 361 2507 503 2595; x_wconf 87' lang='lat' dir='ltr'><strong>inquam,</strong></span> <span class='ocrx_word' id='word_1_112' title='bbox 527 2515 572 2573; x_wconf 89' lang='lat' dir='ltr'><strong>est</strong></span> <span class='ocrx_word' id='word_1_113' title='bbox 591 2508 665 2574; x_wconf 87' lang='lat' dir='ltr'><strong>haec</strong></span> <span class='ocrx_word' id='word_1_114' title='bbox 686 2509 864 2596; x_wconf 82' lang='lat' dir='ltr'><strong>explicatio,</strong></span> <span class='ocrx_word' id='word_1_115' title='bbox 886 2509 975 2575; x_wconf 87' lang='lat' dir='ltr'><strong>modo</strong></span> <span class='ocrx_word' id='word_1_116' title='bbox 990 2505 1194 2594; x_wconf 85' lang='lat' dir='ltr'><strong>interpunctio</strong></span> <span class='ocrx_word' id='word_1_117' title='bbox 1212 2504 1301 2573; x_wconf 73' lang='lat' dir='ltr'><strong>corfi-</strong></span> 
     </span>
    </p>
   </div>
   <div class='ocr_carea' id='block_1_5' title="bbox 183 2627 1407 2716">
    <p class='ocr_par' dir='ltr' id='par_1_5' title="bbox 183 2627 1407 2716">
     <span class='ocr_line' id='line_1_18' title="bbox 183 2627 1407 2716; baseline -0.011 -20"><span class='ocrx_word' id='word_1_118' title='bbox 183 2634 287 2716; x_wconf 85' lang='lat' dir='ltr'><strong>gatur;</strong></span> <span class='ocrx_word' id='word_1_119' title='bbox 310 2633 380 2716; x_wconf 91' lang='lat' dir='ltr'><strong>post</strong></span> <span class='ocrx_word' id='word_1_120' title='bbox 402 2627 556 2708; x_wconf 73' lang='grc' dir='ltr'><em>ἄνθρωπος</em></span> <span class='ocrx_word' id='word_1_121' title='bbox 578 2627 783 2715; x_wconf 85' lang='lat' dir='ltr'><strong>interrogandi</strong></span> <span class='ocrx_word' id='word_1_122' title='bbox 802 2629 887 2715; x_wconf 85' lang='lat' dir='ltr'><strong>signo</strong></span> <span class='ocrx_word' id='word_1_123' title='bbox 902 2628 1020 2716; x_wconf 86' lang='lat' dir='ltr'><strong>posito,</strong></span> <span class='ocrx_word' id='word_1_124' title='bbox 1042 2627 1215 2714; x_wconf 85' lang='lat' dir='ltr'><strong>legendum:</strong></span> <span class='ocrx_word' id='word_1_125' title='bbox 1239 2627 1300 2706; x_wconf 79' lang='grc' dir='ltr'><strong>οὐχ</strong></span> <span class='ocrx_word' id='word_1_126' title='bbox 1406 2641 1407 2646; x_wconf 66' lang='grc'>’</span> 
     </span>
    </p>
   </div>
   <div class='ocr_carea' id='block_1_6' title="bbox 67 2745 1301 4514">
    <p class='ocr_par' dir='ltr' id='par_1_6' title="bbox 67 2745 1301 3068">
     <span class='ocr_line' id='line_1_19' title="bbox 184 2745 1301 2829; baseline 0.001 -18"><span class='ocrx_word' id='word_1_127' title='bbox 184 2747 197 2811; x_wconf 83' lang='grc' dir='ltr'>ὁ</span> <span class='ocrx_word' id='word_1_128' title='bbox 222 2747 314 2820; x_wconf 74' lang='grc' dir='ltr'><em>αὐτὸς</em></span> <span class='ocrx_word' id='word_1_129' title='bbox 339 2745 373 2824; x_wconf 72' lang='grc' dir='ltr'><strong>ἦν</strong></span> <span class='ocrx_word' id='word_1_130' title='bbox 396 2747 448 2811; x_wconf 76' lang='lat' dir='ltr'><strong>aa}</strong></span> <span class='ocrx_word' id='word_1_131' title='bbox 473 2747 615 2829; x_wconf 76' lang='grc' dir='ltr'><em>πρότερον</em></span> <span class='ocrx_word' id='word_1_132' title='bbox 640 2746 811 2829; x_wconf 56' lang='lat' dir='ltr'><strong>cleopatram</strong></span> <span class='ocrx_word' id='word_1_133' title='bbox 836 2747 916 2813; x_wconf 87' lang='lat' dir='ltr'><strong>Male</strong></span> <span class='ocrx_word' id='word_1_134' title='bbox 934 2754 1053 2814; x_wconf 90' lang='lat' dir='ltr'><strong>tantum</strong></span> <span class='ocrx_word' id='word_1_135' title='bbox 1071 2746 1144 2827; x_wconf 75' lang='grc' dir='ltr'><em>οένιὶρ</em></span> <span class='ocrx_word' id='word_1_136' title='bbox 1165 2745 1301 2813; x_wconf 81' lang='lat' dir='ltr'><strong>redditur</strong></span> 
     </span>
     <span class='ocr_line' id='line_1_20' title="bbox 184 2865 1117 2955; baseline -0.001 -23"><span class='ocrx_word' id='word_1_137' title='bbox 184 2889 236 2955; x_wconf 84' lang='lat' dir='ltr'><strong>per</strong></span> <span class='ocrx_word' id='word_1_138' title='bbox 256 2865 426 2948; x_wconf 76' lang='grc' dir='ltr'><em>ἄνθρωπος,</em></span> <span class='ocrx_word' id='word_1_139' title='bbox 453 2867 534 2953; x_wconf 88' lang='lat' dir='ltr'><strong>quod</strong></span> <span class='ocrx_word' id='word_1_140' title='bbox 555 2866 734 2932; x_wconf 87' lang='lat' dir='ltr'><strong>vocabulum</strong></span> <span class='ocrx_word' id='word_1_141' title='bbox 757 2868 820 2933; x_wconf 90' lang='lat' dir='ltr'><strong>vim</strong></span> <span class='ocrx_word' id='word_1_142' title='bbox 841 2867 1004 2933; x_wconf 87' lang='lat' dir='ltr'><strong>locutionis</strong></span> <span class='ocrx_word' id='word_1_143' title='bbox 1025 2865 1117 2932; x_wconf 89' lang='lat' dir='ltr'><strong>tollit.</strong></span> 
     </span>
     <span class='ocr_line' id='line_1_21' title="bbox 67 2985 1143 3068; baseline -0.005 -12"><span class='ocrx_word' id='word_1_144' title='bbox 67 3002 113 3058; x_wconf 89' lang='grc'><strong>80.</strong></span> <span class='ocrx_word' id='word_1_145' title='bbox 132 3001 157 3055; x_wconf 89' lang='grc'><strong>3.</strong></span> <span class='ocrx_word' id='word_1_146' title='bbox 230 2988 282 3059; x_wconf 79' lang='grc' dir='ltr'><strong>Ἐς</strong></span> <span class='ocrx_word' id='word_1_147' title='bbox 306 2988 431 3066; x_wconf 65' lang='lat' dir='ltr'><strong>hiacus:</strong></span> <span class='ocrx_word' id='word_1_148' title='bbox 455 2992 620 3062; x_wconf 65' lang='lat' dir='ltr'><strong>notaacnota</strong></span> <span class='ocrx_word' id='word_1_149' title='bbox 645 2986 761 3068; x_wconf 77' lang='grc' dir='ltr'><em>εἴρηποι</em></span> <span class='ocrx_word' id='word_1_150' title='bbox 784 2987 853 3053; x_wconf 73' lang='grc' dir='ltr'><strong>ἀντὶ</strong></span> <span class='ocrx_word' id='word_1_151' title='bbox 878 2991 951 3061; x_wconf 80' lang='grc' dir='ltr'><em>τοῦ,</em></span> <span class='ocrx_word' id='word_1_152' title='bbox 976 2988 1007 3051; x_wconf 88' lang='grc' dir='ltr'><strong>ἐν</strong></span> <span class='ocrx_word' id='word_1_153' title='bbox 1030 2985 1143 3067; x_wconf 74' lang='grc' dir='ltr'><em>δόμοις.</em></span> 
     </span>
    </p>

    <p class='ocr_par' dir='ltr' id='par_1_7' title="bbox 185 3107 1298 3314">
     <span class='ocr_line' id='line_1_22' title="bbox 230 3107 1298 3195; baseline -0.002 -23"><span class='ocrx_word' id='word_1_154' title='bbox 230 3107 364 3173; x_wconf 67' lang='lat' dir='ltr'><strong>Servant</strong></span> <span class='ocrx_word' id='word_1_155' title='bbox 390 3107 486 3194; x_wconf 87' lang='lat' dir='ltr'><strong>igitur</strong></span> <span class='ocrx_word' id='word_1_156' title='bbox 516 3107 676 3173; x_wconf 86' lang='lat' dir='ltr'><strong>scholiasta</strong></span> <span class='ocrx_word' id='word_1_157' title='bbox 705 3130 827 3195; x_wconf 87' lang='lat' dir='ltr'><strong>pravam</strong></span> <span class='ocrx_word' id='word_1_158' title='bbox 858 3108 980 3173; x_wconf 84' lang='lat' dir='ltr'><strong>Codicis</strong></span> <span class='ocrx_word' id='word_1_159' title='bbox 1006 3107 1043 3173; x_wconf 88' lang='lat' dir='ltr'><strong>L.</strong></span> <span class='ocrx_word' id='word_1_160' title='bbox 1067 3107 1245 3195; x_wconf 87' lang='lat' dir='ltr'><strong>scripturam</strong></span> <span class='ocrx_word' id='word_1_161' title='bbox 1268 3107 1298 3178; x_wconf 79' lang='grc' dir='ltr'><strong>ἐς</strong></span> 
     </span>
     <span class='ocr_line' id='line_1_23' title="bbox 185 3222 1276 3314; baseline 0 -22"><span class='ocrx_word' id='word_1_162' title='bbox 185 3222 313 3306; x_wconf 79' lang='grc' dir='ltr'><strong>δόμους,</strong></span> <span class='ocrx_word' id='word_1_163' title='bbox 338 3249 414 3313; x_wconf 89' lang='lat' dir='ltr'><strong>quae</strong></span> <span class='ocrx_word' id='word_1_164' title='bbox 437 3249 533 3312; x_wconf 86' lang='lat' dir='ltr'><strong>neque</strong></span> <span class='ocrx_word' id='word_1_165' title='bbox 554 3228 688 3314; x_wconf 87' lang='lat' dir='ltr'><strong>poetica,</strong></span> <span class='ocrx_word' id='word_1_166' title='bbox 715 3251 813 3314; x_wconf 90' lang='lat' dir='ltr'><strong>neque</strong></span> <span class='ocrx_word' id='word_1_167' title='bbox 835 3228 957 3293; x_wconf 90' lang='lat' dir='ltr'><strong>omnino</strong></span> <span class='ocrx_word' id='word_1_168' title='bbox 980 3249 1069 3292; x_wconf 85' lang='lat' dir='ltr'><strong>sanae</strong></span> <span class='ocrx_word' id='word_1_169' title='bbox 1089 3226 1200 3292; x_wconf 90' lang='lat' dir='ltr'><strong>mentis</strong></span> <span class='ocrx_word' id='word_1_170' title='bbox 1222 3232 1276 3292; x_wconf 85' lang='lat' dir='ltr'><strong>est.</strong></span> 
     </span>
    </p>

    <p class='ocr_par' dir='ltr' id='par_1_8' title="bbox 68 3345 1185 3430">
     <span class='ocr_line' id='line_1_24' title="bbox 68 3345 1185 3430; baseline 0 -19"><span class='ocrx_word' id='word_1_171' title='bbox 68 3370 114 3424; x_wconf 76' lang='grc' dir='ltr'><strong>8η,</strong></span> <span class='ocrx_word' id='word_1_172' title='bbox 133 3368 158 3424; x_wconf 75' lang='grc' dir='ltr'><strong>η,</strong></span> <span class='ocrx_word' id='word_1_173' title='bbox 232 3351 402 3430; x_wconf 79' lang='grc' dir='ltr'><em>Φρονοῖιντοο</em></span> <span class='ocrx_word' id='word_1_174' title='bbox 424 3347 486 3426; x_wconf 76' lang='grc' dir='ltr'><em>ηοὶρ</em></span> <span class='ocrx_word' id='word_1_175' title='bbox 510 3347 632 3412; x_wconf 74' lang='grc' dir='ltr'><em>αὐτὸν</em></span> <span class='ocrx_word' id='word_1_176' title='bbox 655 3349 708 3412; x_wconf 83' lang='grc' dir='ltr'><strong>οὐκ</strong></span> <span class='ocrx_word' id='word_1_177' title='bbox 731 3347 769 3412; x_wconf 73' lang='grc' dir='ltr'><strong>ἂν</strong></span> <span class='ocrx_word' id='word_1_178' title='bbox 794 3347 920 3425; x_wconf 79' lang='grc' dir='ltr'><em>ἐξέστην</em></span> <span class='ocrx_word' id='word_1_179' title='bbox 943 3347 980 3412; x_wconf 78' lang='grc' dir='ltr'><strong>δι’</strong></span> <span class='ocrx_word' id='word_1_180' title='bbox 1003 3345 1185 3426; x_wconf 68' lang='grc' dir='ltr'><em>εὐλάβειαν.</em></span> 
     </span>
    </p>

    <p class='ocr_par' dir='ltr' id='par_1_9' title="bbox 184 3439 1299 4015">
     <span class='ocr_line' id='line_1_25' title="bbox 229 3465 1298 3554; baseline -0.004 -20"><span class='ocrx_word' id='word_1_181' title='bbox 229 3466 256 3534; x_wconf 83' lang='grc' dir='ltr'>Ε</span> <span class='ocrx_word' id='word_1_182' title='bbox 286 3466 431 3533; x_wconf 83' lang='lat' dir='ltr'><strong>vocabulo</strong></span> <span class='ocrx_word' id='word_1_183' title='bbox 460 3465 552 3531; x_wconf 58' lang='lat' dir='ltr'><strong>aava</strong></span> <span class='ocrx_word' id='word_1_184' title='bbox 582 3472 666 3554; x_wconf 89' lang='lat' dir='ltr'><strong>patet</strong></span> <span class='ocrx_word' id='word_1_185' title='bbox 697 3467 885 3533; x_wconf 88' lang='lat' dir='ltr'><strong>scholiastam</strong></span> <span class='ocrx_word' id='word_1_186' title='bbox 920 3467 953 3532; x_wconf 89' lang='lat' dir='ltr'><strong>in</strong></span> <span class='ocrx_word' id='word_1_187' title='bbox 986 3473 1072 3533; x_wconf 88' lang='lat' dir='ltr'><strong>textu</strong></span> <span class='ocrx_word' id='word_1_188' title='bbox 1105 3466 1298 3553; x_wconf 75' lang='lat' dir='ltr'><strong>legissem</strong></span> 
     </span>
     <span class='ocr_line' id='line_1_26' title="bbox 187 3581 1299 3675; baseline -0.003 -22"><span class='ocrx_word' id='word_1_189' title='bbox 187 3591 368 3675; x_wconf 82' lang='grc' dir='ltr'><em>(Φρονοῦντοο</em></span> <span class='ocrx_word' id='word_1_190' title='bbox 401 3581 540 3668; x_wconf 73' lang='grc' dir='ltr'><em>γοέρνιν</em></span> <span class='ocrx_word' id='word_1_191' title='bbox 567 3591 621 3653; x_wconf 82' lang='grc' dir='ltr'><strong>οὐκ</strong></span> <span class='ocrx_word' id='word_1_192' title='bbox 647 3585 685 3653; x_wconf 71' lang='lat' dir='ltr'><strong>tv</strong></span> <span class='ocrx_word' id='word_1_193' title='bbox 712 3586 837 3665; x_wconf 76' lang='grc' dir='ltr'><em>ἐξέστην</em></span> <span class='ocrx_word' id='word_1_194' title='bbox 861 3587 959 3674; x_wconf 78' lang='grc' dir='ltr'><em>ὄκνῳ.)</em></span> <span class='ocrx_word' id='word_1_195' title='bbox 995 3588 1037 3652; x_wconf 86' lang='lat' dir='ltr'><strong>ita</strong></span> <span class='ocrx_word' id='word_1_196' title='bbox 1071 3592 1124 3668; x_wconf 89' lang='lat' dir='ltr'><strong>ut,</strong></span> <span class='ocrx_word' id='word_1_197' title='bbox 1159 3608 1235 3671; x_wconf 81' lang='lat' dir='ltr'><strong>quae</strong></span> <span class='ocrx_word' id='word_1_198' title='bbox 1266 3586 1299 3651; x_wconf 92' lang='lat' dir='ltr'><strong>in</strong></span> 
     </span>
     <span class='ocr_line' id='line_1_27' title="bbox 185 3705 1299 3795; baseline -0.003 -22"><span class='ocrx_word' id='word_1_199' title='bbox 185 3707 292 3773; x_wconf 90' lang='lat' dir='ltr'><strong>scholii</strong></span> <span class='ocrx_word' id='word_1_200' title='bbox 308 3708 447 3773; x_wconf 85' lang='lat' dir='ltr'><strong>lemmate</strong></span> <span class='ocrx_word' id='word_1_201' title='bbox 463 3710 615 3795; x_wconf 83' lang='lat' dir='ltr'><strong>leguntur,</strong></span> <span class='ocrx_word' id='word_1_202' title='bbox 639 3713 809 3791; x_wconf 82' lang='grc' dir='ltr'><em>Φρονοῦντοι</em></span> <span class='ocrx_word' id='word_1_203' title='bbox 831 3709 893 3789; x_wconf 71' lang='grc' dir='ltr'><strong>γὰρ</strong></span> <span class='ocrx_word' id='word_1_204' title='bbox 916 3708 946 3772; x_wconf 91' lang='grc' dir='ltr'><strong>π’</strong></span> <span class='ocrx_word' id='word_1_205' title='bbox 961 3707 1006 3772; x_wconf 72' lang='grc' dir='ltr'><strong>ἂν</strong></span> <span class='ocrx_word' id='word_1_206' title='bbox 1026 3708 1080 3772; x_wconf 85' lang='grc' dir='ltr'><strong>οὐκ</strong></span> <span class='ocrx_word' id='word_1_207' title='bbox 1099 3705 1137 3772; x_wconf 73' lang='lat' dir='ltr'><strong>tv</strong></span> <span class='ocrx_word' id='word_1_208' title='bbox 1160 3705 1299 3786; x_wconf 77' lang='grc' dir='ltr'><em>ἐξέστην,</em></span> 
     </span>
     <span class='ocr_line' id='line_1_28' title="bbox 184 3825 1298 3916; baseline -0.001 -24"><span class='ocrx_word' id='word_1_209' title='bbox 184 3849 244 3893; x_wconf 90' lang='lat' dir='ltr'><strong>uon</strong></span> <span class='ocrx_word' id='word_1_210' title='bbox 268 3850 286 3892; x_wconf 90' lang='lat' dir='ltr'><strong>a</strong></span> <span class='ocrx_word' id='word_1_211' title='bbox 307 3827 413 3893; x_wconf 77' lang='lat' dir='ltr'><strong>scholii</strong></span> <span class='ocrx_word' id='word_1_212' title='bbox 436 3836 559 3894; x_wconf 85' lang='lat' dir='ltr'><strong>auctore</strong></span> <span class='ocrx_word' id='word_1_213' title='bbox 585 3829 717 3916; x_wconf 85' lang='lat' dir='ltr'><strong>prolecta</strong></span> <span class='ocrx_word' id='word_1_214' title='bbox 739 3850 802 3893; x_wconf 87' lang='lat' dir='ltr'><strong>esse</strong></span> <span class='ocrx_word' id='word_1_215' title='bbox 824 3833 935 3915; x_wconf 88' lang='lat' dir='ltr'><strong>pateat.</strong></span> <span class='ocrx_word' id='word_1_216' title='bbox 979 3826 1081 3892; x_wconf 79' lang='lat' dir='ltr'><strong>Codex</strong></span> <span class='ocrx_word' id='word_1_217' title='bbox 1110 3826 1146 3892; x_wconf 76' lang='lat' dir='ltr'><strong>F.</strong></span> <span class='ocrx_word' id='word_1_218' title='bbox 1167 3826 1199 3892; x_wconf 91' lang='lat' dir='ltr'><strong>in</strong></span> <span class='ocrx_word' id='word_1_219' title='bbox 1226 3825 1298 3891; x_wconf 87' lang='lat' dir='ltr'><strong>lem·</strong></span> 
     </span>
     <span class='ocr_line' id='line_1_29' title="bbox 186 3947 453 4015; baseline 0.007 -4"><span class='ocrx_word' id='word_1_220' title='bbox 186 3951 265 4012; x_wconf 86' lang='lat' dir='ltr'><strong>mato</strong></span> <span class='ocrx_word' id='word_1_221' title='bbox 288 3947 378 4015; x_wconf 88' lang='lat' dir='ltr'><strong>habet</strong></span> <span class='ocrx_word' id='word_1_222' title='bbox 400 3972 453 4013; x_wconf 92' lang='grc' dir='ltr'><em>νιν.</em></span> 
     </span>
    </p>

    <p class='ocr_par' dir='ltr' id='par_1_10' title="bbox 97 4064 1298 4270">
     <span class='ocr_line' id='line_1_30' title="bbox 97 4064 1298 4151; baseline -0.001 -16"><span class='ocrx_word' id='word_1_223' title='bbox 97 4080 159 4135; x_wconf 88' lang='grc'><strong>110.</strong></span> <span class='ocrx_word' id='word_1_224' title='bbox 231 4065 377 4146; x_wconf 75' lang='grc' dir='ltr'><em>Μοὶστιηι</em></span> <span class='ocrx_word' id='word_1_225' title='bbox 403 4070 536 4149; x_wconf 75' lang='grc' dir='ltr'><em>πρῶτονι</em></span> <span class='ocrx_word' id='word_1_226' title='bbox 560 4071 719 4135; x_wconf 78' lang='grc' dir='ltr'><em>Ἐντεῦθεν</em></span> <span class='ocrx_word' id='word_1_227' title='bbox 749 4073 766 4145; x_wconf 81' lang='grc' dir='ltr'><em>ἡ</em></span> <span class='ocrx_word' id='word_1_228' title='bbox 797 4068 958 4151; x_wconf 75' lang='grc' dir='ltr'><em>ἐπιηρσιφη</em></span> <span class='ocrx_word' id='word_1_229' title='bbox 989 4072 1042 4133; x_wconf 81' lang='grc' dir='ltr'><strong>τοῦ</strong></span> <span class='ocrx_word' id='word_1_230' title='bbox 1072 4064 1241 4148; x_wconf 71' lang='grc' dir='ltr'><em>δράματος·</em></span> <span class='ocrx_word' id='word_1_231' title='bbox 1265 4070 1298 4134; x_wconf 76' lang='grc' dir='ltr'><strong>οὐ</strong></span> 
     </span>
     <span class='ocr_line' id='line_1_31' title="bbox 187 4186 972 4270; baseline 0.003 -18"><span class='ocrx_word' id='word_1_232' title='bbox 187 4186 327 4268; x_wconf 81' lang='grc' dir='ltr'><em>πρότερον</em></span> <span class='ocrx_word' id='word_1_233' title='bbox 349 4187 504 4269; x_wconf 63' lang='lat' dir='ltr'><strong>osseca</strong></span> <span class='ocrx_word' id='word_1_234' title='bbox 528 4188 639 4263; x_wconf 74' lang='grc' dir='ltr'><em>αὐτὸν,</em></span> <span class='ocrx_word' id='word_1_235' title='bbox 663 4188 731 4270; x_wconf 72' lang='grc' dir='ltr'><em>πρὶν</em></span> <span class='ocrx_word' id='word_1_236' title='bbox 754 4188 793 4254; x_wconf 80' lang='grc' dir='ltr'><strong>ἐιν</strong></span> <span class='ocrx_word' id='word_1_237' title='bbox 815 4188 972 4268; x_wconf 76' lang='grc' dir='ltr'><em>μοιστέξιι.</em></span> 
     </span>
    </p>

    <p class='ocr_par' dir='ltr' id='par_1_11' title="bbox 185 4306 1296 4514">
     <span class='ocr_line' id='line_1_32' title="bbox 229 4306 1296 4395; baseline 0.002 -22"><span class='ocrx_word' id='word_1_238' title='bbox 229 4306 339 4373; x_wconf 84' lang='lat' dir='ltr'><strong>Sensus</strong></span> <span class='ocrx_word' id='word_1_239' title='bbox 361 4308 424 4394; x_wconf 89' lang='lat' dir='ltr'><strong>ipse</strong></span> <span class='ocrx_word' id='word_1_240' title='bbox 446 4309 597 4394; x_wconf 85' lang='lat' dir='ltr'><strong>postulat,</strong></span> <span class='ocrx_word' id='word_1_241' title='bbox 629 4315 665 4374; x_wconf 90' lang='lat' dir='ltr'><strong>ut</strong></span> <span class='ocrx_word' id='word_1_242' title='bbox 687 4332 740 4395; x_wconf 86' lang='lat' dir='ltr'><strong>pro</strong></span> <span class='ocrx_word' id='word_1_243' title='bbox 770 4310 887 4391; x_wconf 75' lang='grc' dir='ltr'><em>φονεύει</em></span> <span class='ocrx_word' id='word_1_244' title='bbox 919 4307 1067 4376; x_wconf 85' lang='lat' dir='ltr'><strong>scribatur</strong></span> <span class='ocrx_word' id='word_1_245' title='bbox 1096 4308 1296 4392; x_wconf 80' lang='grc' dir='ltr'><em>φονεύσω,</em></span> 
     </span>
     <span class='ocr_line' id='line_1_33' title="bbox 185 4426 719 4514; baseline 0.007 -23"><span class='ocrx_word' id='word_1_246' title='bbox 185 4426 278 4513; x_wconf 89' lang='lat' dir='ltr'><strong>idque</strong></span> <span class='ocrx_word' id='word_1_247' title='bbox 300 4426 441 4514; x_wconf 86' lang='lat' dir='ltr'><strong>praebent</strong></span> <span class='ocrx_word' id='word_1_248' title='bbox 462 4427 557 4494; x_wconf 82' lang='lat' dir='ltr'><strong>codd.</strong></span> <span class='ocrx_word' id='word_1_249' title='bbox 580 4428 605 4493; x_wconf 76' lang='lat' dir='ltr'><strong>F</strong></span> <span class='ocrx_word' id='word_1_250' title='bbox 627 4435 659 4495; x_wconf 89' lang='lat' dir='ltr'><strong>et</strong></span> <span class='ocrx_word' id='word_1_251' title='bbox 680 4427 719 4495; x_wconf 83' lang='lat' dir='ltr'><strong>G.</strong></span> 
     </span>
    </p>
   </div>
   <div class='ocr_carea' id='block_1_7' title="bbox 0 0 1638 5292">
    <p class='ocr_par' dir='ltr' id='par_1_12' title="bbox 0 0 1638 5292">
     <span class='ocr_line' id='line_1_34' title="bbox 0 0 1638 5292; baseline 0 0"><span class='ocrx_word' id='word_1_252' title='bbox 0 0 1638 5292; x_wconf 95' lang='lat' dir='ltr'><strong> </strong></span> 
     </span>
    </p>
   </div>
  </div>
 </body>
</html>
