3250 5292
722 483 761 546 55

87 706 154 761 151.
227 695 281 760 Ad*
298 695 386 760 verba
408 693 543 759 εθπιοποι
563 691 651 769 λέγει
677 691 749 755 haec
772 695 897 754 annotat
917 686 1099 752 Scholiasta:

223 815 297 880 Ὅπι
318 817 348 879 ἐν
364 814 485 896 ἀπυχίρο
505 813 711 891 καθέστηκας,
732 817 788 883 πής
807 809 900 886 ήππής
921 809 1026 890 χθριν.
1059 805 1188 875 Causam
1203 810 1296 896 igitur

182 938 278 1024 aperit
308 957 399 1020 quare
427 934 543 1021 Ulysais
572 934 605 998 in
628 933 751 998 Aiacem
782 929 938 996 maledicta
965 934 996 993 et
1018 929 1185 994 calumniae
1206 925 1297 995 fidem

182 1055 334 1122 haberent.
378 1053 498 1140 Pergit:
523 1054 539 1129 ή
565 1051 630 1119 ἐπεῖ
657 1053 762 1132 μένοις
785 1048 831 1132 εἶ,
853 1046 969 1130 εἶχες
1002 1049 1053 1113 τὸν
1084 1047 1191 1130 Φθθνον
1215 1071 1296 1128 συρο-

182 1152 371 1260 προθππονποι.
409 1176 493 1257 Quae
511 1175 555 1239 sia
574 1197 634 1240 non
653 1174 800 1259 intellige.
836 1171 1033 1238 Scribendum
1052 1168 1173 1235 videtur
1191 1165 1296 1252 εἶχε,

180 1299 227 1364 vel
257 1297 367 1377 ἔχει,
398 1301 433 1360 ut
465 1317 568 1359 sensus
597 1292 649 1358 hio
677 1294 732 1358 sit:
763 1292 834 1377 quia
866 1313 991 1377 magnus
1017 1313 1066 1369 es,
1095 1292 1168 1378 quia
1188 1291 1295 1372 flores,

179 1417 309 1484 habebat
332 1414 516 1501 (velpotiua
538 1412 639 1498 habet)
663 1411 807 1476 invidiam
829 1410 1006 1476 adiutricem
1032 1409 1165 1497 (seilicet,
1183 1409 1297 1478 obtrec-

180 1544 259 1602 tator
280 1544 351 1600 tuus
373 1532 517 1619 Ulysses).
564 1526 650 1612 εἶχες
676 1532 768 1596 habet
793 1529 893 1594 Codex
919 1529 977 1610 G.,
1003 1528 1089 1612 ἔχεις
1110 1529 1146 1597 F.

87 1668 152 1726 157.
225 1655 303 1736 Πρὸς
328 1653 392 1735 γάρ
414 1653 464 1717 τὸν
485 1652 584 1732 ἔχονθ’
605 1651 618 1714 ὃ
641 1647 748 1731 Φθθνος
770 1649 868 1730 ἕρπει,
894 1653 937 1716 ait
959 1651 1087 1718 Chorus.

223 1777 286 1839 Τὸν
309 1773 441 1860 ἔχοντά]
464 1772 574 1838 Λεθπει
598 1772 633 1835 πδ
657 1765 709 1852 εὖ,
732 1772 805 1852 πρὸς
827 1772 880 1836 etv
904 1765 939 1836 εῖν
961 1770 1089 1852 ἔχοντα.

222 1893 310 1959 Nihil
327 1915 397 1958 vero
415 1892 558 1956 omissum
569 1897 630 1970 est3
650 1879 778 1978 nempei
791 1889 872 1971 ἔχων
885 1892 986 1972 estis,
1005 1889 1060 1978 qui
1070 1892 1222 1979 possidet,
1244 1897 1298 1981 qui

179 2014 302 2081 divitiae
329 2013 419 2078 habet
450 2018 480 2076 et
509 2019 661 2097 praeterea
691 2012 744 2097 qui
772 2024 962 2098 quacumque
990 2012 1024 2078 in
1045 2034 1077 2078 re
1100 2031 1170 2101 prae
1193 2015 1297 2081 ceteris

180 2135 302 2201 eminet.

89 2273 151 2327 162.
224 2254 309 2320 Dicit
330 2251 464 2318 Chorus:

445 2371 520 2436 ἀλλ’
543 2373 577 2435 οὐ
600 2371 727 2435 δυνοιπθν
750 2370 819 2441 τοὺς
843 2371 987 2446 ἀνοήτους

445 2491 558 2557 τούτων
583 2493 711 2570 ructuas
735 2489 958 2571 προδιδάσκειν·

444 2614 501 2678 ὑπὸ
524 2613 667 2678 ποιοθπονυ
689 2610 802 2692 ἀνδρῶν
824 2611 965 2690 θορυβεῖ,

223 2732 344 2798 Scholia
363 2739 463 2799 autem
480 2735 519 2799 ad
537 2734 619 2799 huno
635 2733 736 2797 locum
755 2733 827 2796 haee
850 2729 977 2796 habent:
1000 2729 1094 2796 Ἀλλ’
1116 2733 1150 2796 οὐ
1169 2726 1297 2798 δυνοοπδν

178 2851 436 2928 retrovertatur:
461 2855 629 2934 Ἀνοήπυν,
653 2853 707 2918 νοοῖ
730 2854 899 2936 φθονερῶν,
922 2851 975 2916 νοοῖ
996 2851 1125 2934 διοοθρεῖν
1140 2853 1297 2920 πάποιοιῖι-

180 2993 223 3034 που
245 2973 507 3054 ἀνεπιστήμθνοιν.

223 3089 376 3157 Lemmata
405 3094 522 3180 decepti
549 3095 656 3160 Editor
687 3095 839 3160 Romanus
868 3101 899 3160 et
925 3095 1057 3161 Brunolr.
1081 3095 1240 3182 genetivos
1263 3095 1297 3160 in

181 3212 370 3277 accusativos
393 3219 563 3278 mutarunt:
590 3215 753 3294 ἀνοήτους,
780 3215 833 3279 aul
865 3216 1042 3297 φθονεροὺς,
1071 3215 1123 3280 κοιῖ
1152 3255 1197 3264 -
1226 3216 1296 3281 ἀνε-

179 3330 384 3411 πιοπνρροθνιις.
408 3332 512 3398 Primo
530 3341 628 3399 autem
646 3315 757 3400 obtutu
777 3341 900 3421 apparet
919 3335 1072 3401 Seholiunr
1088 3360 1147 3402 non
1161 3337 1298 3402 advoca·

178 3453 281 3518 bulum
300 3452 444 3527 ἀνοήτους
461 3453 542 3536 qnod
559 3454 591 3517 in
607 3454 747 3520 lemmate
769 3455 883 3540 legitor
897 3454 1063 3540 pertinere,
1084 3456 1136 3520 sed
1156 3456 1194 3521 ad
1206 3457 1296 3522 verba

177 3571 347 3656 sequentia:
372 3571 429 3635 ὑπὸ
452 3571 593 3636 ποιοθπυν
616 3574 727 3654 ἀνδρῶν
747 3573 884 3654 θορυβεῖ,
910 3595 1039 3659 quorum
1053 3575 1298 3662 reetampraebet

177 3691 470 3776 interpretationem,
503 3693 546 3757 ita
576 3699 611 3756 nt
638 3694 717 3758 nihil
745 3693 786 3757 sit
810 3693 1001 3759 mutandum.
1046 3690 1132 3775 Quae
1154 3717 1242 3782 porro
1264 3695 1298 3760 in

176 3810 280 3875 eodem
313 3811 427 3877 scholio
461 3813 618 3898 leguntur:
653 3811 784 3884 κάνθάδε
822 3813 856 3876 πὸ
895 3812 1004 3895 θορυβή
1040 3836 1069 3877 κ.
1086 3837 1115 3879 π.
1133 3813 1174 3892 h,
1206 3813 1297 3880 etiam

177 3929 357 3995 tloeumento
388 3938 459 3996 sunt
488 3931 678 3998 scholiastam
708 3957 768 3998 non
799 3934 931 4019 primum
953 3955 1095 4000 versuum
1117 3957 1207 4021 supra
1228 3935 1296 4000 alla·

126 4083 131 4092 ·
178 4053 277 4112 torum
311 4049 537 4137 interpretatum
572 4073 651 4131 esse,
683 4053 737 4117 sed
766 4052 907 4119 tertium:
936 4053 993 4117 ὑπὸ
1018 4053 1159 4118 τοιούτων
1185 4053 1296 4136 ἀνδροῖν

178 4167 308 4247 θορυβεῖ.

88 4312 151 4371 179,
222 4286 266 4350 Ἤ
289 4289 495 4368 χυλκοθθροιξ
518 4291 534 4365 ή
559 4291 616 4355 τιν’
642 4293 815 4364 Ἐνυοθλιοςῑ
838 4293 1027 4358 Διοιοπὲλλει
1047 4292 1099 4359 πθν
1116 4295 1216 4377 ’Άρεοι
1232 4297 1294 4361 ἀπδ

181 4411 236 4473 ποῦ
260 4408 442 4489 Ἐνυοιλίου,
467 4413 505 4482 ὡς
528 4409 626 4492 ἕτερον
651 4411 783 4488 δοιίριονοι
808 4413 957 4493 ὑπουργὸν
980 4419 1033 4480 ποῦ
1057 4415 1191 4497 μείζονος
1213 4418 1293 4496 θεοῦ,
