3250 5292
843 483 882 546 ⁷0

216 702 277 757 393.
352 685 536 774 Πακτυλθν]
561 697 586 750 Χ
594 693 691 769 ρυσσῖ
714 689 745 754 δέ
765 691 930 770 ψήγματα
950 689 1013 756 οίπό
1033 697 1087 757 τοῦ
1107 693 1241 770 Τμώλου
1263 697 1317 758 τοῦ
1339 689 1417 774 όρους

308 808 358 874 διθι
381 811 435 873 τοῦ
458 813 629 874 Πακτωλοῦ
654 809 883 893 καταφέρεται.

352 926 549 995 scribendum
571 936 717 1012 χρυσοῦ
745 932 776 996 δὲ
806 934 988 1012 ψήγματα,
1020 939 1055 999 ut
1077 933 1157 1020 apud
1180 931 1368 997 Herodotum
1391 933 1421 997 5.

313 1049 385 1112 101.
409 1052 439 1111 ee
461 1029 546 1114 uiti.

219 1169 280 1226 425.
355 1157 395 1222 Ol
424 1157 480 1236 μὲν
509 1181 558 1239 γρ.
588 1159 695 1238 μόνος,
732 1162 805 1242 παρ’
835 1161 968 1242 ἱστορίαν
1003 1161 1111 1244 φνσίν·
1146 1166 1227 1246 (cum
1255 1159 1313 1228 Ed.
1335 1159 1423 1227 Rom.

310 1277 520 1366 corrigendum
551 1280 664 1366 φασίν)
702 1277 771 1362 εἶχε
802 1282 864 1364 γαρ
899 1283 951 1348 καί
972 1280 1111 1354 ἄλλους·
1135 1283 1161 1347 οἱ
1186 1281 1217 1345 δὲ
1244 1279 1349 1360 γόνος,
1381 1280 1423 1360 τῷ

311 1407 421 1481 ποιητῇ
447 1399 681 1473 ἀκολουθοῦντες
705 1401 861 1480 λέγουσιν.

355 1518 448 1584 Recte
470 1517 542 1584 haec
566 1519 667 1585 omnic
691 1543 722 1586 se
750 1521 877 1603 hubent;
906 1529 952 1588 est
977 1523 1057 1588 enim
1088 1523 1143 1588 hcc
1173 1523 1240 1587 loco
1270 1546 1319 1602 γρ.
1348 1521 1428 1587 idem

244 1703 247 1712 ,
311 1639 393 1724 quod
415 1635 610 1719 γρσίφοντες,
634 1641 716 1725 quod
739 1641 770 1706 iu
792 1639 866 1708 uod.
890 1641 928 1708 G.
957 1641 1104 1728 scriptum
1134 1647 1251 1722 exstat,
1279 1641 1321 1706 ite
1344 1647 1380 1705 ut
1402 1643 1427 1705 οἱ

311 1759 368 1838 μέν
400 1795 442 1811 ·-
469 1759 495 1823 οί
527 1758 557 1824 δὲ
592 1759 714 1825 articuli
748 1760 814 1825 vice
848 1761 1020 1846 fungantur,
1054 1781 1152 1844 neque
1189 1781 1258 1824 cum
1292 1759 1429 1825 Gustuvo

312 1879 431 1945 Wolffio
454 1879 488 1945 iu
509 1876 536 1945 cl
559 1880 616 1958 μὲν
640 1917 680 1931 -
707 1877 734 1945 οἳ
755 1880 786 1944 δέ
811 1879 954 1945 mutanda
975 1881 1046 1946 sint.
1085 1879 1178 1966 Signo
1200 1903 1251 1960 γρ.
1276 1880 1355 1945 male
1376 1902 1430 1966 pro

312 1995 468 2081 γροίφονσι
492 2004 613 2086 eccepto
637 1999 670 2064 in
694 2021 821 2066 errorem
845 1999 952 2065 incidit
975 1999 1022 2064 vir
1043 1999 1244 2065 doctissimus.

223 2132 283 2188 446.
358 2117 447 2184 Ἐπεί
475 2117 606 2206 οὐδέπω]
633 2120 726 2186 Κατόι
754 2119 907 2204 σννίζνσιν
930 2119 1075 2198 βαίνεται
1111 2119 1250 2184 ἔτειον
1273 2117 1342 2184 ἀντί
1375 2123 1428 2184 τοῦ

314 2261 399 2306 που.
447 2236 546 2306 Immo
569 2239 639 2304 σίντί
663 2245 717 2306 τοῦ
741 2242 848 2306 ε’πσυ

225 2376 284 2432 535,
359 2355 542 2441 Εὐκόρδισς,
578 2359 764 2441 καρτερικός.
816 2361 955 2427 Alterum
996 2365 1100 2446 poetae
1135 2361 1272 2441 verbum,
1306 2358 1430 2424 alterum

315 2481 380 2546 eius
403 2480 501 2567 glossa
523 2484 577 2546 est.
624 2479 881 2568 Distinguendum
904 2479 1016 2566 igitur:
1039 2478 1222 2560 Εθιιιίρδιοςε
1245 2474 1431 2560 καρτερικός.

224 2616 283 2669 545.
358 2598 479 2665 Dicite
503 2597 632 2682 ἔμπορος
655 2623 686 2666 se
708 2601 746 2665 ad
769 2600 917 2666 Lemnum
940 2599 1108 2686 appulisset

865 2717 997 2802 δοξοόζων
1021 2720 1077 2797 μὲν
1101 2719 1151 2792 ed.

493 2840 578 2922 τόχρ
600 2841 632 2905 δέ
657 2865 720 2914 ποις
744 2841 817 2922 πρός
841 2842 955 2906 ταύτόν
979 2839 1129 2921 ὁρμισθεὶς
1152 2839 1251 2904 πέδον.

357 2959 495 3046 Explicat
520 2960 697 3028 scholiasta:
720 2962 789 3026 οὶντὶ
822 2965 896 3036 τοῦ,
921 2963 978 3026 οὐκ,
999 2959 1140 3036 ἐπίτηδες
1164 2961 1255 3024 ε’λθὼν
1281 2958 1413 3023 ἐνταῦθα
1421 3003 1436 3033 ,.

313 3079 402 3143 σίλλόι
428 3078 530 3144 πλέων
556 3075 606 3144 iul
633 3081 688 3154 τὴν
724 3081 860 3163 πατρίδα
893 3079 1030 3164 όρμισα,
1066 3083 1120 3146 eds
1145 3077 1293 3158 οἰόμενος,
1330 3077 1428 3160 φησί,

314 3193 548 3277 σνντεθέεσθαι,
574 3201 658 3266 κατὰ
682 3200 785 3282 τόχιρν
809 3201 852 3267 δέ.

357 3319 431 3385 Post
461 3318 580 3402 ἱόρμισα
607 3322 694 3409 plene
720 3322 993 3409 interpungendum
1020 3327 1084 3401 est;
1106 3344 1124 3385 u
1149 3319 1246 3385 verbis
1271 3320 1350 3384 enim
1377 3319 1430 3384 οὐκ

200 3473 204 3484 ·
313 3435 445 3518 οἰόμενος
470 3440 597 3507 alterum
620 3440 765 3506 scholium
787 3441 907 3528 incipit.

163 3573 223 3632 702.
242 3574 285 3629 11.
358 3557 446 3624 οίλλίι
472 3557 521 3624 διόι
547 3563 606 3624 τῶν
632 3565 750 3635 πτηνῶν
772 3561 898 3634 οἰστῶν,
924 3563 979 3634 τίρν
1004 3559 1069 3624 διθι
1095 3563 1153 3623 τῶν
1175 3558 1280 3639 όρνέοιν
1301 3557 1427 3640 τροφήν.

358 3676 471 3743 Nescio
494 3697 532 3744 cn
555 3678 595 3743 sit
618 3679 825 3745 scribendum:
849 3680 904 3753 clu
928 3677 1003 3744 σίπθ
1033 3677 1217 3760 nuciculam
1244 3679 1370 3760 τροφήν.
1395 3685 1430 3744 ut

313 3797 351 3862 cd
382 3818 426 3864 vs.
452 3798 531 3865 707:
557 3797 629 3862 Ὧν
656 3797 848 3888 νεμόμεσθα]
883 3799 959 3881 Ἀφ’
992 3795 1029 3864 ὧν
1060 3795 1237 3880 ’νεμόμεθοι,
1272 3797 1429 3876 τουτέστι,

312 3915 491 3999 τρεφόμεθα
521 3924 551 3982 et
582 3918 620 3983 ud
641 3937 686 3985 vs·
711 3921 772 3985 710
797 3919 923 3986 diserte:
957 3921 1043 3995 Πλίρν
1069 3918 1098 3986 εί
1119 3937 1177 3983 που
1209 3927 1273 3990 τοῖς
1304 3926 1429 3994 πτννσῖς

313 4035 441 4115 βέλεσιν
465 4035 499 4114 ἐξ
517 4036 678 4115 ὥκυβθλυν
705 4039 800 4117 τόξον
827 4039 924 4123 οὶνόσρ
946 4041 1065 4122 φορβὴν
1085 4044 1224 4115 ιιτννιῖιν,
1249 4037 1427 4112 τουτέστιν,

313 4156 428 4238 όρνέαν·
452 4155 592 4223 λείπει
619 4159 658 4224 δὲ
682 4161 698 4236 ἡ
725 4160 816 4226 οίπθ·
838 4161 915 4225 απὸ
939 4163 1069 4236 πτηνῶν.

181 4296 240 4356 846,
260 4299 284 4354 γ,
357 4277 420 4349 Ὧς
453 4277 576 4344 πιόνταν
609 4281 638 4344 έν
664 4278 737 4363 νόσῳ
764 4281 928 4363 εθδραιιιίςε
962 4281 1032 4345 σίντ)
1068 4285 1142 4354 τοῦ,
1176 4281 1190 4345 ό
1216 4278 1305 4352 ὕπνος
1334 4282 1364 4344 ἐν
1389 4289 1427 4363 τῇ

314 4397 388 4480 υόσιρ
410 4397 534 4479 ταχέας
558 4399 685 4478 βλέπει·
