3210 5292
891 475 908 532 6

381 675 510 740 Videtur
533 674 629 759 igitur
652 673 819 740 Scholiasta
838 675 868 739 in
896 682 1003 761 poetae
1027 677 1125 742 verbis
1147 685 1216 764 post
1238 679 1350 758 ἔμοιίον
1373 681 1458 768 plene

336 791 578 879 interpunxisse,
601 797 633 858 et
655 792 813 875 sequentia
829 814 884 879 pro
907 794 1024 880 integra
1043 795 1280 883 interrogatione
1300 799 1459 885 accepisse.

235 909 306 964 Ι511·
380 911 450 995 Τῷ]
473 908 584 974 Λείπει
608 908 643 972 τδ
668 905 769 976 ἕνεκα.

381 1027 445 1110 Qui
467 1028 541 1094 haee
563 1027 721 1094 annotavit
744 1049 799 1114 pro
821 1028 869 1108 τῷ
894 1027 969 1114 legit
991 1034 1067 1094 τοῦ.

247 1149 306 1205 599.
381 1147 450 1218 Πῶς
477 1147 543 1220 δῆτ’
566 1147 626 1225 ἐμὼ
649 1147 724 1211 κεῖν’
741 1144 779 1211 ῖιν
798 1144 950 1226 λοίβοιμιι
974 1149 1282 1229 Προκαταοκευοίτας
1306 1155 1345 1228 ὡς
1369 1151 1460 1231 itast·

270 1311 272 1317 ι
337 1264 385 1330 νίν
412 1266 494 1352 εὀτιν
521 1266 604 1346 αὐτῷ
626 1269 680 1332 τοῦ
704 1273 879 1347 τυραννεῖν,
903 1264 938 1330 τὸ
962 1264 1095 1347 ἀφόβοις
1119 1277 1266 1335 κοινωνεῖν
1289 1280 1328 1352 τῇ
1352 1293 1459 1352 τυραν-

337 1383 410 1461 νίδι,
435 1387 525 1449 τοῦτο
550 1382 732 1461 ἐπήνεγκεν.

381 1503 442 1568 Pro
464 1509 511 1582 τῇ
539 1499 746 1580 τυραννίδι
771 1501 962 1570 scribendum
988 1510 1059 1577 τῖς
1084 1506 1336 1588 τυραννίδος.

382 1618 485 1684 Habet
507 1619 587 1722 euim
613 1620 739 1686 verbnm
762 1629 909 1688 κοινωνεῖν
938 1622 1114 1708 genetivum
1136 1623 1194 1704 rei,
1219 1646 1296 1709 qnae
1320 1628 1371 1693 eui
1393 1650 1462 1696 eum

337 1738 431 1803 altero
463 1736 631 1804 communis
662 1743 723 1818 est,
755 1739 893 1806 dativum
925 1745 1024 1806 summ
1052 1740 1117 1806 eius
1151 1762 1221 1808 oum
1255 1765 1315 1827 quo
1348 1744 1462 1831 aliquid

337 1877 496 1924 commune
519 1855 675 1923 habemns.

380 1973 428 2042 Of.
452 1973 611 2040 Soholium
634 1974 671 2039 ad
696 1995 740 2040 vs.
766 1976 847 2040 603:
884 1976 909 2040 εἰ
946 1978 1192 2052 νατεκοινώννπα
1228 1982 1281 2048 τοῦ
1316 1979 1463 2056 μαντείου
1568 2035 1569 2048 .

340 2093 381 2173 τῷ
406 2090 562 2176 Τειροοίρι.

249 2225 309 2285 607.
381 2209 458 2278 Ὅτι
498 2212 550 2274 καῖ
591 2211 683 2282 αὐτὸς
727 2211 779 2275 τὸν
817 2212 955 2289 ἐμαυτοῦ
1004 2213 1274 2297 καταψηφίτομαι
1319 2213 1461 2290 θάνατον.

341 2329 463 2394 Omisso
494 2329 623 2394 articulo
651 2329 857 2396 scribendum:
890 2331 983 2404 αὐτὸς
1019 2333 1157 2410 ἐμαυτοῦ
1192 2333 1461 2415 καταψαφίοομοιι

340 2446 482 2514 ίοίνατον.

247 2581 307 2640 677.
383 2573 444 2632 Σοῦ
469 2569 525 2647 μὲν
549 2569 653 2648 τυχὼν
672 2570 825 2648 datdeus:
852 2575 913 2635 Σοῦ
936 2570 993 2649 μὲν
1015 2569 1059 2648 μὴ
1080 2571 1288 2649 ἐπισταμένου
1309 2572 1365 2645 τὴν
1386 2571 1462 2649 ἒμῖιν

338 2685 530 2768 προαίρεσιν,
564 2687 650 2768 παρα
684 2688 715 2751 δὲ
742 2687 859 2760 τούτοις
886 2697 942 2762 τῆς
971 2688 1078 2768 ὁμοίας
1112 2688 1199 2768 δόξης
1224 2688 1258 2764 ἣν
1283 2691 1335 2757 καὶ
1364 2693 1462 2772 πρώην

339 2801 426 2886 εἶχον
449 2806 517 2884 περὶ
547 2805 613 2882 ε’μί.

380 2923 420 2990 Iu
449 2923 496 2988 hia
527 2922 643 3006 aliquid
673 2923 848 3007 requiritur.
894 2923 983 2990 Unde
1016 2925 1097 2989 enim
1132 2926 1289 3011 genetivus
1322 2926 1373 2994 ille
1407 2933 1462 3001 τῆς

338 3041 445 3121 ὁμοίας
471 3039 558 3117 δίξιρς
584 3040 717 3127 pendet?
763 3040 839 3105 Post
869 3040 955 3118 δόξης
987 3042 1179 3107 inserendum
1202 3043 1321 3109 videtur
1343 3048 1463 3131 partiei-

336 3162 424 3248 pium
446 3160 550 3240 τυχών
575 3158 668 3242 idque
691 3182 707 3223 e
729 3164 835 3244 poetae
859 3159 965 3227 verbis.
1103 3167 1105 3170 '

202 3288 262 3345 660.
283 3289 306 3344 ῦ.
378 3278 486 3346 Ἥλιον
511 3277 542 3342 δὲ
565 3274 706 3355 ῦμνυοιν,
731 3272 776 3340 ὅτι
801 3275 908 3342 ποέντα
933 3278 1069 3358 ἑωρακὼς
1106 3279 1161 3364 (ita
1188 3281 1269 3346 enim
1292 3287 1464 3348 constanter

337 3398 451 3463 scholia
473 3419 527 3482 pro
552 3395 693 3481 ἑορααώς)
719 3395 811 3468 αὐτὸς
837 3398 956 3479 συνῄδει
981 3398 1015 3461 τὸ
1040 3401 1114 3465 πῖον.

381 3515 462 3580 Illud
494 3512 587 3586 αὐτός
620 3513 783 3579 admodum
813 3514 921 3600 friget,
954 3539 1052 3601 neque
1079 3517 1231 3602 quomodo
1255 3517 1462 3604 accipiendum

336 3636 393 3715 sit,
418 3633 567 3719 intelligo.
613 3632 795 3698 Mutandum
819 3632 940 3698 videtur
963 3634 996 3699 in
1015 3637 1116 3716 αὐτῷ,
1149 3642 1182 3702 ut
1206 3635 1322 3702 Ohorus
1345 3634 1460 3717 Solem,

336 3750 367 3826 ὃς
389 3751 485 3818 τοῦτ’
497 3752 594 3834 ἐφορρῖ
614 3750 666 3814 καὶ
684 3749 778 3815 πάντ’
791 3751 954 3832 ἐπακούει,
978 3758 1084 3820 testem
1108 3777 1179 3820 suae
1203 3754 1312 3820 mentis
1331 3754 1461 3821 invocet.

245 3883 305 3942 766.
381 3872 516 3958 Oedipus
539 3893 633 3956 quum
668 3871 836 3957 rogavisset
859 3878 1003 3958 possetne
1026 3873 1089 3940 fieri
1122 3879 1157 3938 ut
1184 3894 1287 3938 servus
1310 3873 1377 3949 ille,
1408 3873 1462 3957 qni

335 3993 418 4057 solus
441 4012 604 4085 enumero
629 3989 774 4055 comitum
797 3990 889 4055 ooeisi
908 3989 977 4056 Laii
996 3991 1096 4056 salvus
1116 3990 1275 4071 evasisset,
1299 4013 1382 4072 rure,
1406 3990 1461 4056 ubi

335 4110 465 4196 degeret,
489 4107 608 4176 Thebes
631 4113 842 4193 amoneretur,
865 4107 984 4174 Iooaste
1007 4109 1035 4174 ei
1057 4107 1229 4195 respoudit:

535 4224 697 4307 ποίρεοτιν·
722 4225 810 4290 dead
834 4227 907 4308 πρδς
930 4225 962 4292 τί
985 4229 1070 4292 τοῦτ’
1095 4225 1239 4310 ἐφιέται;

333 4346 391 4412 ie.
438 4341 518 4410 Fieri
542 4349 657 4430 potest,
690 4342 845 4426 efficietur,
877 4345 959 4429 quod
985 4345 1089 4432 oupis3
1121 4366 1309 4430 verumque
1336 4342 1462 4412 oonsilio
