3210 5292
853 483 893 543 38

352 687 444 769 Quod
472 687 547 752 dicit
577 686 630 751 καί
656 691 721 759 νῦν,
753 688 842 752 etiam
871 711 968 767 nunc,
1000 689 1049 756 hic
1082 712 1216 774 quoqne,
1248 691 1436 756 referendum

308 806 428 874 videtur
450 805 489 872 ad
511 827 558 872 rs.
583 808 663 886 940,
692 803 745 870 uhi
775 805 929 892 Antigone
957 806 1079 872 nomine
1106 807 1275 889 κοιρανίδαι
1302 808 1437 874 Ohoruur

309 924 485 1009 alloquitur.
532 923 637 1003 Quum
668 921 711 986 ibi
740 929 842 988 autern
872 925 1013 1004 vocabuli
1044 926 1208 1006 κοιρανίδαι
1236 928 1332 994 varias
1355 950 1438 1013 prae·

310 1042 378 1108 beat
421 1041 582 1112 scholiasta
622 1041 905 1127 interpretationes,
943 1043 994 1108 hic
1034 1051 1135 1110 antem
1174 1047 1211 1111 de
1245 1047 1309 1112 solo
1338 1044 1438 1110 Ohoro

309 1160 438 1247 cogitet,
463 1159 602 1245 sequitur
625 1165 678 1226 aut
705 1159 803 1224 varias
825 1161 1087 1246 interpretationes
1110 1163 1149 1228 ad
1171 1186 1216 1231 vs.
1241 1168 1304 1228 940
1335 1163 1439 1230 allatas

310 1299 372 1343 nou
394 1277 432 1342 ab
456 1277 560 1342 eodem
584 1277 779 1364 grammatico
804 1278 953 1364 profectas
980 1301 1060 1359 esse,
1098 1286 1173 1360 aut,
1204 1282 1230 1345 si
1264 1282 1301 1347 ab
1335 1283 1439 1348 eodem

311 1400 383 1462 sunt
412 1395 581 1482 profectae,
614 1395 695 1459 huno
719 1399 820 1460 tamen
845 1418 927 1476 eam,
953 1420 1013 1480 qua
1036 1399 1160 1465 nomine
1186 1400 1351 1481 κοιρανίδαι
1377 1403 1439 1466 Au-

310 1516 446 1603 tigonam
469 1513 600 1580 Chorum
624 1513 740 1598 alloqui
763 1512 887 1598 probat,
911 1516 1018 1582 octaris
1041 1518 1229 1602 praetulisse.

220 1650 280 1705 999,
358 1635 476 1720 Θῦκον]
502 1636 624 1710 Θῦκος,
647 1630 740 1704 τίπος
765 1630 842 1697 οῦτοι
867 1633 1068 1714 κακούμενος.

357 1752 572 1820 Scribendnm:
611 1754 733 1824 ,Θῦκοςῑ
770 1752 863 1825 τόπος
895 1751 971 1820 οῦτοι
1007 1755 1218 1834 καλούμενος,
1246 1766 1296 1824 Ινιν
1337 1759 1439 1829 Θῦκσς

311 1871 422 1939 lemma
443 1872 493 1938 sit.

356 1989 512 2056 Scholinm
540 1991 694 2076 ceteroqui
720 1990 899 2071 absurdum3
931 2014 1041 2059 nornen
1068 1995 1223 2081 proprium
1246 1997 1336 2082 fingit
1359 1998 1443 2062 soho-

312 2111 415 2191 liasta,
452 2133 545 2196 quum
581 2111 671 2179 ίοῦκος
708 2109 913 2190 ὅρνιίοσκίπος
957 2111 1035 2176 nihil
1070 2111 1155 2176 aliud
1175 2112 1341 2198 *significet
1384 2115 1443 2178 nisi

313 2229 568 2314 ὄρνιίοσαοπείον,
591 2229 751 2314 templum.

203 2366 281 2423 1084.
358 2353 502 2413 Τοιαῦτα
537 2349 622 2413 κατοδ
659 2354 715 2421 τῆς
751 2348 877 2428 καρδίας
913 2371 965 2411 σον
1003 2348 1187 2426 τοξεύματα
1219 2349 1331 2430 οἰφῦκα
1357 2351 1441 2427 μετα

315 2469 423 2547 ίνριοῦ·
450 2467 466 2544 l
491 2469 533 2548 τῷ
558 2467 721 2548 traci-rac
747 2465 873 2546 καρδίας
899 2488 963 2530 σον·
989 2465 1089 2532 λείπει
1115 2467 1146 2532 δὲ
1170 2470 1187 2541 ἡ
1213 2467 1308 2533 κατοί.

356 2590 437 2672 Quia
459 2586 619 2653 scholiasta
643 2587 685 2650 ait
704 2587 788 2650 κατοδ
808 2586 1010 2672 supplendum
1028 2607 1109 2665 esse,
1133 2586 1206 2650 haec
1223 2609 1282 2652 vox
1297 2587 1330 2652 in
1350 2587 1442 2652 altera

310 2712 374 2777 eins
395 2706 644 2792 interpretatione
667 2705 847 2792 requiritur3
872 2704 999 2770 tortasse
1019 2705 1115 2790 igitur
1136 2705 1293 2770 inserenda
1310 2711 1355 2771 ost
1374 2713 1442 2771 ante

311 2853 383 2900 σου,
409 2831 445 2892 ut
467 2825 522 2888 sit:
548 2823 564 2898 ἢ
588 2825 630 2904 τῷ
655 2813 737 2903 turegi
762 2831 817 2896 τῆς
843 2823 970 2912 καρδίας
995 2822 1082 2887 κατοί
1106 2848 1169 2891 σον.

157 2967 236 3024 1119,
257 2967 282 3022 e,
356 2946 429 3012 Tres
459 2940 600 3010 vocabuli
629 2939 808 3028 παγκοίνοις
835 2941 982 3008 scholium
1008 2942 1131 3028 praebet
1162 2943 1441 3030 interpretationes,

313 3085 442 3153 quarum
470 3061 567 3148 prima
598 3061 661 3126 sola
684 3068 730 3126 est
753 3083 840 3128 vera:
875 3063 905 3126 ἕν
932 3057 977 3134 οἷς
1003 3060 1122 3133 κρίνοις
1155 3060 1365 3141 σννοίνονται,
1391 3061 1441 3126 διοδ

313 3185 372 3256 τοὶς
397 3179 598 3261 πανηγύρεις.

205 3314 283 3370 1122.
357 3303 384 3367 lu
407 3300 590 3367 scholiastae
613 3298 877 3384 interpretatione,
901 3307 959 3368 τῶν
981 3308 1114 3382 Βακχῶν
1137 3299 1327 3381 Barzaura,
1353 3320 1448 3382 appa·

312 3426 359 3488 ret
382 3443 451 3485 cunr
474 3425 579 3506 poetae
603 3419 694 3490 verba
716 3420 792 3485 male
813 3419 857 3484 ita
883 3421 1032 3486 iunxisse:
1068 3417 1088 3486 ὦ
1125 3423 1254 3499 Βακχεῦ
1290 3421 1441 3498 Βακχίαν,

312 3537 505 3620 ματρόπολιν
531 3537 645 3617 Θήβαν
670 3539 808 3602 ναιετῶν.

204 3679 282 3735 1136,
358 3660 408 3726 Ad
442 3659 533 3726 verba
569 3659 785 3724 ἐπισκοποῦντ’
812 3657 929 3736 οῦννίας
964 3659 1089 3744 legitur:
1126 3683 1175 3740 γρ.
1212 3660 1442 3723 ἐπισκοποῦντα

313 3778 529 3863 γνίας,,(ρνκθ
552 3777 636 3844 varia
658 3777 750 3843 lectio
773 3777 926 3846 scribendi
948 3777 1065 3842 ratione
1088 3785 1152 3842 orta
1176 3783 1230 3842 est.

204 3915 282 3974 1147.
355 3897 461 3967 Lectio
485 3917 563 3979 quae
581 3895 614 3960 in
632 3894 810 3976 (lodicibus,
835 3895 926 3960 etiarn
945 3896 975 3959 in
997 3896 1101 3960 scholii
1120 3897 1258 3960 lemmate
1277 3893 1440 3981 reperitur:

312 4018 380 4082 καὶ
406 4013 537 4096 νυχίων,
566 4012 700 4099 profecta
730 4019 777 4079 est
806 4014 843 4080 ab
873 4013 911 4078 iis
939 4016 993 4098 qni
1023 4022 1128 4101 poetae
1158 4014 1249 4079 verba
1279 4015 1325 4079 ita
1347 4018 1441 4076 strue-

311 4138 402 4202 bant:
427 4134 472 4198 Ἰιδ
503 4131 642 4213 χοραγὲ,
673 4136 732 4212 πῦρ
758 4130 908 4196 πνεόντων
929 4131 1048 4214 σ’ίστροιν
1073 4133 1125 4198 καί
1158 4132 1269 4212 νυχίαν
1290 4130 1441 4213 oesypa-

309 4279 369 4322 ταν
394 4253 562 4331 Ιἐπίσκοπε,
597 4250 851 4337 quemadmodum
874 4252 906 4316 in
929 4251 1060 4318 Scholiis
1084 4275 1204 4337 quoque
1226 4252 1356 4338 legitur:
1381 4253 1440 4314 τῶν

309 4371 466 4458 πνρπνίιον
486 4371 607 4454 οῦστραν
625 4368 793 4448 ἐπίσκοπε,
818 4375 852 4436 ut
876 4371 998 4452 χοραγέ
1018 4393 1071 4458 per
1094 4394 1126 4437 se
1153 4367 1361 4458 accipiendum
1385 4367 1440 4432 sit:
