<?xml version="1.0" encoding="UTF-8"?>
<!DOCTYPE html PUBLIC "-//W3C//DTD XHTML 1.0 Transitional//EN"
    "http://www.w3.org/TR/xhtml1/DTD/xhtml1-transitional.dtd">
<html xmlns="http://www.w3.org/1999/xhtml" xml:lang="en" lang="en">
 <head>
  <title>
</title>
<meta http-equiv="Content-Type" content="text/html;charset=utf-8" />
  <meta name='ocr-system' content='tesseract 3.04.00' />
  <meta name='ocr-capabilities' content='ocr_page ocr_carea ocr_par ocr_line ocrx_word'/>
</head>
<body>
  <div class='ocr_page' id='page_1' title='image "annotationesads00kruygoog_0028.png"; bbox 0 0 3210 5292; ppageno 0'>
   <div class='ocr_carea' id='block_1_1' title="bbox 689 497 707 559">
    <p class='ocr_par' dir='ltr' id='par_1_1' title="bbox 689 497 707 559">
     <span class='ocr_line' id='line_1_1' title="bbox 689 497 707 559; baseline 0 0"><span class='ocrx_word' id='word_1_1' title='bbox 689 497 707 559; x_wconf 83' lang='lat'>5</span> 
     </span>
    </p>
   </div>
   <div class='ocr_carea' id='block_1_2' title="bbox 41 698 1261 2676">
    <p class='ocr_par' dir='ltr' id='par_1_2' title="bbox 131 698 1261 1732">
     <span class='ocr_line' id='line_1_2' title="bbox 133 698 1260 785; baseline -0.005 -16"><span class='ocrx_word' id='word_1_2' title='bbox 133 704 248 770; x_wconf 91' lang='lat' dir='ltr'><strong>scholia</strong></span> <span class='ocrx_word' id='word_1_3' title='bbox 275 707 338 766; x_wconf 86' lang='lat' dir='ltr'><strong>arte</strong></span> <span class='ocrx_word' id='word_1_4' title='bbox 361 701 550 767; x_wconf 80' lang='lat' dir='ltr'>cohaereant.</span> <span class='ocrx_word' id='word_1_5' title='bbox 596 698 736 764; x_wconf 83' lang='lat' dir='ltr'><strong>Ceterum</strong></span> <span class='ocrx_word' id='word_1_6' title='bbox 760 721 797 764; x_wconf 88' lang='lat' dir='ltr'><strong>ax</strong></span> <span class='ocrx_word' id='word_1_7' title='bbox 821 699 903 764; x_wconf 90' lang='lat' dir='ltr'><strong>hisce</strong></span> <span class='ocrx_word' id='word_1_8' title='bbox 923 704 1046 785; x_wconf 90' lang='lat' dir='ltr'><strong>apparet</strong></span> <span class='ocrx_word' id='word_1_9' title='bbox 1061 698 1260 764; x_wconf 86' lang='lat' dir='ltr'><strong>Scholiastam</strong></span> 
     </span>
     <span class='ocr_line' id='line_1_3' title="bbox 134 813 1259 908; baseline -0.008 -20"><span class='ocrx_word' id='word_1_10' title='bbox 134 844 253 908; x_wconf 92' lang='lat' dir='ltr'><strong>quoque</strong></span> <span class='ocrx_word' id='word_1_11' title='bbox 282 821 405 906; x_wconf 77' lang='lat' dir='ltr'>legisse,</span> <span class='ocrx_word' id='word_1_12' title='bbox 436 819 470 884; x_wconf 88' lang='lat' dir='ltr'><strong>id</strong></span> <span class='ocrx_word' id='word_1_13' title='bbox 502 817 584 902; x_wconf 92' lang='lat' dir='ltr'><strong>quod</strong></span> <span class='ocrx_word' id='word_1_14' title='bbox 613 817 647 883; x_wconf 93' lang='lat' dir='ltr'><strong>in</strong></span> <span class='ocrx_word' id='word_1_15' title='bbox 676 817 816 884; x_wconf 88' lang='lat' dir='ltr'><strong>omnibus</strong></span> <span class='ocrx_word' id='word_1_16' title='bbox 846 817 1012 884; x_wconf 74' lang='lat' dir='ltr'>codicibus</span> <span class='ocrx_word' id='word_1_17' title='bbox 1036 813 1200 903; x_wconf 88' lang='lat' dir='ltr'><strong>reperitur:</strong></span> <span class='ocrx_word' id='word_1_18' title='bbox 1225 818 1259 880; x_wconf 82' lang='grc' dir='ltr'><strong>οὐ</strong></span> 
     </span>
     <span class='ocr_line' id='line_1_4' title="bbox 133 932 1261 1023; baseline -0.007 -18"><span class='ocrx_word' id='word_1_19' title='bbox 133 943 195 1021; x_wconf 58' lang='lat' dir='ltr'><strong>pap</strong></span> <span class='ocrx_word' id='word_1_20' title='bbox 219 965 260 1019; x_wconf 89' lang='grc' dir='ltr'><em>με</em></span> <span class='ocrx_word' id='word_1_21' title='bbox 283 946 375 1018; x_wconf 80' lang='grc' dir='ltr'><em>μοῖρα</em></span> <span class='ocrx_word' id='word_1_22' title='bbox 399 937 471 1018; x_wconf 79' lang='grc' dir='ltr'><em>πρός</em></span> <span class='ocrx_word' id='word_1_23' title='bbox 496 962 534 1015; x_wconf 89' lang='grc' dir='ltr'><em>γε</em></span> <span class='ocrx_word' id='word_1_24' title='bbox 560 942 613 1002; x_wconf 83' lang='grc' dir='ltr'><strong>σοῦ</strong></span> <span class='ocrx_word' id='word_1_25' title='bbox 638 945 762 1015; x_wconf 79' lang='grc' dir='ltr'><em>πεσεῖν,</em></span> <span class='ocrx_word' id='word_1_26' title='bbox 785 960 840 1023; x_wconf 93' lang='lat' dir='ltr'><strong>pro</strong></span> <span class='ocrx_word' id='word_1_27' title='bbox 861 959 922 1022; x_wconf 91' lang='lat' dir='ltr'><strong>qno</strong></span> <span class='ocrx_word' id='word_1_28' title='bbox 937 935 1110 1002; x_wconf 91' lang='lat' dir='ltr'><strong>Brunckius</strong></span> <span class='ocrx_word' id='word_1_29' title='bbox 1125 932 1261 998; x_wconf 72' lang='lat' dir='ltr'><strong>restituit</strong></span> 
     </span>
     <span class='ocr_line' id='line_1_5' title="bbox 133 1054 1259 1139; baseline -0.005 -16"><span class='ocrx_word' id='word_1_30' title='bbox 133 1061 165 1123; x_wconf 84' lang='grc' dir='ltr'><strong>οὐ</strong></span> <span class='ocrx_word' id='word_1_31' title='bbox 201 1057 263 1139; x_wconf 61' lang='lat' dir='ltr'><strong>aaa</strong></span> <span class='ocrx_word' id='word_1_32' title='bbox 295 1083 329 1122; x_wconf 88' lang='grc' dir='ltr'><em>σε</em></span> <span class='ocrx_word' id='word_1_33' title='bbox 360 1065 454 1137; x_wconf 83' lang='grc' dir='ltr'><em>μοῖρα</em></span> <span class='ocrx_word' id='word_1_34' title='bbox 485 1057 557 1137; x_wconf 79' lang='grc' dir='ltr'><em>πρός</em></span> <span class='ocrx_word' id='word_1_35' title='bbox 590 1057 624 1135; x_wconf 83' lang='grc' dir='ltr'><strong>γ’</strong></span> <span class='ocrx_word' id='word_1_36' title='bbox 648 1058 722 1135; x_wconf 79' lang='grc' dir='ltr'><em>ἐμοῦ</em></span> <span class='ocrx_word' id='word_1_37' title='bbox 754 1064 882 1130; x_wconf 80' lang='grc' dir='ltr'><em>πεσεῖν,</em></span> <span class='ocrx_word' id='word_1_38' title='bbox 913 1063 949 1122; x_wconf 92' lang='lat' dir='ltr'><strong>nt</strong></span> <span class='ocrx_word' id='word_1_39' title='bbox 971 1076 1077 1122; x_wconf 87' lang='lat' dir='ltr'><strong>sensus</strong></span> <span class='ocrx_word' id='word_1_40' title='bbox 1099 1054 1259 1120; x_wconf 83' lang='lat' dir='ltr'><strong>verborum</strong></span> 
     </span>
     <span class='ocr_line' id='line_1_6' title="bbox 131 1173 1260 1260; baseline -0.005 -19"><span class='ocrx_word' id='word_1_41' title='bbox 131 1176 182 1241; x_wconf 91' lang='lat' dir='ltr'><strong>hic</strong></span> <span class='ocrx_word' id='word_1_42' title='bbox 212 1176 266 1240; x_wconf 86' lang='lat' dir='ltr'><strong>sit:</strong></span> <span class='ocrx_word' id='word_1_43' title='bbox 298 1198 396 1260; x_wconf 91' lang='lat' dir='ltr'><strong>neque</strong></span> <span class='ocrx_word' id='word_1_44' title='bbox 426 1197 481 1260; x_wconf 86' lang='lat' dir='ltr'><strong>ego</strong></span> <span class='ocrx_word' id='word_1_45' title='bbox 512 1173 571 1239; x_wconf 90' lang='lat' dir='ltr'><strong>tibi</strong></span> <span class='ocrx_word' id='word_1_46' title='bbox 593 1174 726 1254; x_wconf 82' lang='lat' dir='ltr'><strong>noceb03</strong></span> <span class='ocrx_word' id='word_1_47' title='bbox 750 1175 914 1240; x_wconf 90' lang='lat' dir='ltr'><strong>nonenim</strong></span> <span class='ocrx_word' id='word_1_48' title='bbox 938 1174 971 1239; x_wconf 94' lang='lat' dir='ltr'><strong>in</strong></span> <span class='ocrx_word' id='word_1_49' title='bbox 995 1175 1059 1240; x_wconf 80' lang='lat' dir='ltr'><strong>lato</strong></span> <span class='ocrx_word' id='word_1_50' title='bbox 1081 1178 1185 1240; x_wconf 87' lang='lat' dir='ltr'><strong>estut</strong></span> <span class='ocrx_word' id='word_1_51' title='bbox 1207 1193 1260 1258; x_wconf 85' lang='lat' dir='ltr'><strong>per</strong></span> 
     </span>
     <span class='ocr_line' id='line_1_7' title="bbox 132 1291 1259 1380; baseline -0.002 -22"><span class='ocrx_word' id='word_1_52' title='bbox 132 1317 180 1358; x_wconf 89' lang='lat' dir='ltr'><strong>me</strong></span> <span class='ocrx_word' id='word_1_53' title='bbox 211 1293 315 1374; x_wconf 87' lang='lat' dir='ltr'><strong>cadas,</strong></span> <span class='ocrx_word' id='word_1_54' title='bbox 340 1315 434 1376; x_wconf 91' lang='lat' dir='ltr'><strong>quum</strong></span> <span class='ocrx_word' id='word_1_55' title='bbox 456 1293 515 1357; x_wconf 93' lang='lat' dir='ltr'><strong>hoc</strong></span> <span class='ocrx_word' id='word_1_56' title='bbox 541 1291 660 1377; x_wconf 91' lang='lat' dir='ltr'><strong>ipsum,</strong></span> <span class='ocrx_word' id='word_1_57' title='bbox 682 1298 718 1357; x_wconf 92' lang='lat' dir='ltr'><strong>ut</strong></span> <span class='ocrx_word' id='word_1_58' title='bbox 740 1293 845 1373; x_wconf 88' lang='lat' dir='ltr'><strong>cadas,</strong></span> <span class='ocrx_word' id='word_1_59' title='bbox 870 1292 1021 1378; x_wconf 82' lang='lat' dir='ltr'>Apollinis</span> <span class='ocrx_word' id='word_1_60' title='bbox 1044 1293 1086 1358; x_wconf 88' lang='lat' dir='ltr'><strong>sit</strong></span> <span class='ocrx_word' id='word_1_61' title='bbox 1107 1293 1259 1380; x_wconf 85' lang='lat' dir='ltr'><strong>perficere.</strong></span> 
     </span>
     <span class='ocr_line' id='line_1_8' title="bbox 132 1409 1259 1496; baseline -0.002 -19"><span class='ocrx_word' id='word_1_62' title='bbox 132 1411 290 1496; x_wconf 85' lang='lat' dir='ltr'><strong>Significat</strong></span> <span class='ocrx_word' id='word_1_63' title='bbox 317 1411 396 1476; x_wconf 89' lang='lat' dir='ltr'><strong>enim</strong></span> <span class='ocrx_word' id='word_1_64' title='bbox 427 1409 580 1488; x_wconf 72' lang='grc' dir='ltr'><em>ε’κπροῖξαι</em></span> <span class='ocrx_word' id='word_1_65' title='bbox 612 1411 742 1491; x_wconf 87' lang='lat' dir='ltr'><strong>efficere,</strong></span> <span class='ocrx_word' id='word_1_66' title='bbox 775 1410 858 1495; x_wconf 84' lang='lat' dir='ltr'><strong>quod</strong></span> <span class='ocrx_word' id='word_1_67' title='bbox 884 1411 1049 1476; x_wconf 74' lang='lat' dir='ltr'><strong>scholiasta</strong></span> <span class='ocrx_word' id='word_1_68' title='bbox 1070 1411 1146 1475; x_wconf 88' lang='lat' dir='ltr'><strong>male</strong></span> <span class='ocrx_word' id='word_1_69' title='bbox 1168 1411 1259 1476; x_wconf 90' lang='lat' dir='ltr'><strong>ulcis·</strong></span> 
     </span>
     <span class='ocr_line' id='line_1_9' title="bbox 132 1527 1257 1615; baseline -0.002 -21"><span class='ocrx_word' id='word_1_70' title='bbox 132 1529 219 1594; x_wconf 87' lang='lat' dir='ltr'><strong>cendi</strong></span> <span class='ocrx_word' id='word_1_71' title='bbox 249 1551 338 1593; x_wconf 90' lang='lat' dir='ltr'><strong>sensu</strong></span> <span class='ocrx_word' id='word_1_72' title='bbox 367 1529 498 1614; x_wconf 85' lang='lat' dir='ltr'><strong>accepit,</strong></span> <span class='ocrx_word' id='word_1_73' title='bbox 526 1528 571 1592; x_wconf 88' lang='lat' dir='ltr'><strong>ita</strong></span> <span class='ocrx_word' id='word_1_74' title='bbox 594 1535 631 1592; x_wconf 85' lang='lat' dir='ltr'><strong>ut</strong></span> <span class='ocrx_word' id='word_1_75' title='bbox 654 1529 711 1593; x_wconf 90' lang='lat' dir='ltr'><strong>hoc</strong></span> <span class='ocrx_word' id='word_1_76' title='bbox 735 1528 881 1596; x_wconf 80' lang='lat' dir='ltr'><strong>Tiresiam</strong></span> <span class='ocrx_word' id='word_1_77' title='bbox 904 1527 1003 1594; x_wconf 83' lang='lat' dir='ltr'><strong>dicere</strong></span> <span class='ocrx_word' id='word_1_78' title='bbox 1024 1533 1130 1615; x_wconf 90' lang='lat' dir='ltr'><strong>putet:</strong></span> <span class='ocrx_word' id='word_1_79' title='bbox 1154 1529 1257 1592; x_wconf 85' lang='lat' dir='ltr'><strong>Simo</strong></span> 
     </span>
     <span class='ocr_line' id='line_1_10' title="bbox 132 1645 822 1732; baseline 0 -20"><span class='ocrx_word' id='word_1_80' title='bbox 132 1668 236 1722; x_wconf 88' lang='lat' dir='ltr'><strong>necas,</strong></span> <span class='ocrx_word' id='word_1_81' title='bbox 259 1647 370 1732; x_wconf 89' lang='lat' dir='ltr'><strong>Apollo</strong></span> <span class='ocrx_word' id='word_1_82' title='bbox 393 1646 514 1711; x_wconf 91' lang='lat' dir='ltr'><strong>caedem</strong></span> <span class='ocrx_word' id='word_1_83' title='bbox 536 1647 626 1711; x_wconf 90' lang='lat' dir='ltr'><strong>istam</strong></span> <span class='ocrx_word' id='word_1_84' title='bbox 650 1645 822 1712; x_wconf 79' lang='lat' dir='ltr'><strong>ulciscetur.</strong></span> 
     </span>
    </p>

    <p class='ocr_par' dir='ltr' id='par_1_3' title="bbox 41 1763 1258 2440">
     <span class='ocr_line' id='line_1_11' title="bbox 41 1763 1256 1845; baseline 0.001 -17"><span class='ocrx_word' id='word_1_85' title='bbox 41 1767 103 1824; x_wconf 81' lang='lat'><strong>456·</strong></span> <span class='ocrx_word' id='word_1_86' title='bbox 177 1763 270 1829; x_wconf 87' lang='lat' dir='ltr'><strong>Poeta</strong></span> <span class='ocrx_word' id='word_1_87' title='bbox 300 1764 407 1830; x_wconf 87' lang='lat' dir='ltr'><strong>verba:</strong></span> <span class='ocrx_word' id='word_1_88' title='bbox 431 1763 518 1840; x_wconf 76' lang='grc' dir='ltr'><em>ξένοιν</em></span> <span class='ocrx_word' id='word_1_89' title='bbox 543 1763 593 1830; x_wconf 80' lang='grc' dir='ltr'><strong>ἔπι</strong></span> <span class='ocrx_word' id='word_1_90' title='bbox 618 1765 763 1845; x_wconf 78' lang='grc' dir='ltr'><em>σκήπτρῳ</em></span> <span class='ocrx_word' id='word_1_91' title='bbox 786 1764 961 1845; x_wconf 77' lang='grc' dir='ltr'><em>προδεικνὺς</em></span> <span class='ocrx_word' id='word_1_92' title='bbox 984 1770 1083 1842; x_wconf 86' lang='grc' dir='ltr'><em>γαῖαν</em></span> <span class='ocrx_word' id='word_1_93' title='bbox 1107 1765 1256 1844; x_wconf 81' lang='grc' dir='ltr'><em>ἐμπορεύ-</em></span> 
     </span>
     <span class='ocr_line' id='line_1_12' title="bbox 135 1882 1256 1969; baseline 0.002 -23"><span class='ocrx_word' id='word_1_94' title='bbox 135 1906 224 1964; x_wconf 86' lang='grc' dir='ltr'><em>σεται</em></span> <span class='ocrx_word' id='word_1_95' title='bbox 248 1903 403 1969; x_wconf 85' lang='lat' dir='ltr'><strong>perperam</strong></span> <span class='ocrx_word' id='word_1_96' title='bbox 419 1882 462 1947; x_wconf 88' lang='lat' dir='ltr'><strong>ita</strong></span> <span class='ocrx_word' id='word_1_97' title='bbox 476 1883 692 1969; x_wconf 85' lang='lat' dir='ltr'><strong>interpretatur</strong></span> <span class='ocrx_word' id='word_1_98' title='bbox 707 1883 885 1948; x_wconf 78' lang='lat' dir='ltr'><strong>scholiasta:</strong></span> <span class='ocrx_word' id='word_1_99' title='bbox 902 1883 947 1948; x_wconf 75' lang='grc' dir='ltr'><strong>Τὸ</strong></span> <span class='ocrx_word' id='word_1_100' title='bbox 967 1889 1120 1964; x_wconf 70' lang='grc' dir='ltr'><em>σκῆπτρον</em></span> <span class='ocrx_word' id='word_1_101' title='bbox 1139 1883 1256 1956; x_wconf 78' lang='grc' dir='ltr'><em>δεικνὺς</em></span> 
     </span>
     <span class='ocr_line' id='line_1_13' title="bbox 134 2000 1256 2088; baseline 0 -22"><span class='ocrx_word' id='word_1_102' title='bbox 134 2001 249 2084; x_wconf 84' lang='lat' dir='ltr'><strong>(Codex</strong></span> <span class='ocrx_word' id='word_1_103' title='bbox 262 2000 302 2066; x_wconf 87' lang='lat' dir='ltr'><strong>G.</strong></span> <span class='ocrx_word' id='word_1_104' title='bbox 314 2000 488 2080; x_wconf 81' lang='grc' dir='ltr'><em>προδεικνύς</em></span> <span class='ocrx_word' id='word_1_105' title='bbox 497 2051 507 2081; x_wconf 89' lang='grc'><em>,</em></span> <span class='ocrx_word' id='word_1_106' title='bbox 526 2007 619 2080; x_wconf 87' lang='lat' dir='ltr'><strong>recte,</strong></span> <span class='ocrx_word' id='word_1_107' title='bbox 638 2001 745 2086; x_wconf 87' lang='lat' dir='ltr'><strong>opinor</strong></span> <span class='ocrx_word' id='word_1_108' title='bbox 750 2029 759 2081; x_wconf 82' lang='lat'>3</span> <span class='ocrx_word' id='word_1_109' title='bbox 776 2002 908 2067; x_wconf 90' lang='lat' dir='ltr'><strong>citantur</strong></span> <span class='ocrx_word' id='word_1_110' title='bbox 923 2001 1005 2067; x_wconf 90' lang='lat' dir='ltr'><strong>enim</strong></span> <span class='ocrx_word' id='word_1_111' title='bbox 1020 2007 1127 2088; x_wconf 91' lang='lat' dir='ltr'><strong>poetae</strong></span> <span class='ocrx_word' id='word_1_112' title='bbox 1142 2001 1256 2088; x_wconf 87' lang='lat' dir='ltr'><strong>verba.)</strong></span> 
     </span>
     <span class='ocr_line' id='line_1_14' title="bbox 133 2115 1256 2200; baseline 0.002 -18"><span class='ocrx_word' id='word_1_113' title='bbox 133 2117 292 2196; x_wconf 81' lang='grc' dir='ltr'><em>σύμβολον</em></span> <span class='ocrx_word' id='word_1_114' title='bbox 316 2126 372 2192; x_wconf 73' lang='grc' dir='ltr'><em>τῆς</em></span> <span class='ocrx_word' id='word_1_115' title='bbox 389 2120 500 2183; x_wconf 76' lang='grc' dir='ltr'><em>ἑαυτοῦ</em></span> <span class='ocrx_word' id='word_1_116' title='bbox 517 2117 695 2196; x_wconf 70' lang='grc' dir='ltr'><em>εὐγενείας,</em></span> <span class='ocrx_word' id='word_1_117' title='bbox 724 2115 769 2183; x_wconf 70' lang='grc' dir='ltr'><em>ὅτι</em></span> <span class='ocrx_word' id='word_1_118' title='bbox 794 2121 828 2183; x_wconf 86' lang='grc' dir='ltr'><strong>ἕκ</strong></span> <span class='ocrx_word' id='word_1_119' title='bbox 851 2121 1010 2197; x_wconf 77' lang='grc' dir='ltr'><em>βασιλέως</em></span> <span class='ocrx_word' id='word_1_120' title='bbox 1033 2120 1161 2200; x_wconf 77' lang='grc' dir='ltr'><em>πτωχὸς</em></span> <span class='ocrx_word' id='word_1_121' title='bbox 1186 2118 1256 2198; x_wconf 81' lang='grc' dir='ltr'><em>ε’γέ·</em></span> 
     </span>
     <span class='ocr_line' id='line_1_15' title="bbox 132 2237 1258 2323; baseline 0.002 -23"><span class='ocrx_word' id='word_1_122' title='bbox 132 2260 209 2301; x_wconf 90' lang='grc' dir='ltr'><em>νετο.</em></span> <span class='ocrx_word' id='word_1_123' title='bbox 257 2237 371 2317; x_wconf 90' lang='lat' dir='ltr'><strong>Immo,</strong></span> <span class='ocrx_word' id='word_1_124' title='bbox 401 2243 436 2302; x_wconf 88' lang='lat' dir='ltr'><strong>ut</strong></span> <span class='ocrx_word' id='word_1_125' title='bbox 466 2239 578 2303; x_wconf 88' lang='lat' dir='ltr'><strong>Seneca</strong></span> <span class='ocrx_word' id='word_1_126' title='bbox 600 2237 693 2317; x_wconf 88' lang='lat' dir='ltr'><strong>dicit,</strong></span> <span class='ocrx_word' id='word_1_127' title='bbox 717 2237 883 2323; x_wconf 85' lang='lat' dir='ltr'><strong>significat:</strong></span> <span class='ocrx_word' id='word_1_128' title='bbox 909 2239 1038 2318; x_wconf 62' lang='lat' dir='ltr'><strong>„baculo</strong></span> <span class='ocrx_word' id='word_1_129' title='bbox 1060 2238 1149 2304; x_wconf 91' lang='lat' dir='ltr'><strong>senili</strong></span> <span class='ocrx_word' id='word_1_130' title='bbox 1171 2238 1258 2303; x_wconf 89' lang='lat' dir='ltr'><strong>triste</strong></span> 
     </span>
     <span class='ocr_line' id='line_1_16' title="bbox 131 2354 435 2440; baseline 0.003 -22"><span class='ocrx_word' id='word_1_131' title='bbox 131 2361 323 2440; x_wconf 88' lang='lat' dir='ltr'><strong>praetentans</strong></span> <span class='ocrx_word' id='word_1_132' title='bbox 345 2354 435 2422; x_wconf 85' lang='lat' dir='ltr'><strong>iter.&#39;&#39;</strong></span> 
     </span>
    </p>

    <p class='ocr_par' dir='ltr' id='par_1_4' title="bbox 132 2470 1258 2676">
     <span class='ocr_line' id='line_1_17' title="bbox 176 2470 1258 2560; baseline 0.005 -25"><span class='ocrx_word' id='word_1_133' title='bbox 176 2470 257 2536; x_wconf 80' lang='lat' dir='ltr'><strong>Fieri</strong></span> <span class='ocrx_word' id='word_1_134' title='bbox 286 2477 385 2537; x_wconf 83' lang='lat' dir='ltr'><strong>tamen</strong></span> <span class='ocrx_word' id='word_1_135' title='bbox 415 2480 528 2560; x_wconf 88' lang='lat' dir='ltr'><strong>potest,</strong></span> <span class='ocrx_word' id='word_1_136' title='bbox 560 2479 597 2539; x_wconf 91' lang='lat' dir='ltr'><strong>ut</strong></span> <span class='ocrx_word' id='word_1_137' title='bbox 626 2474 851 2540; x_wconf 85' lang='lat' dir='ltr'><strong>eScholiastae</strong></span> <span class='ocrx_word' id='word_1_138' title='bbox 873 2475 970 2541; x_wconf 89' lang='lat' dir='ltr'><strong>verbis</strong></span> <span class='ocrx_word' id='word_1_139' title='bbox 992 2475 1195 2560; x_wconf 86' lang='lat' dir='ltr'><strong>colligendum</strong></span> <span class='ocrx_word' id='word_1_140' title='bbox 1218 2476 1258 2540; x_wconf 88' lang='lat' dir='ltr'><strong>sit</strong></span> 
     </span>
     <span class='ocr_line' id='line_1_18' title="bbox 132 2589 770 2676; baseline 0.009 -24"><span class='ocrx_word' id='word_1_141' title='bbox 132 2611 187 2675; x_wconf 93' lang='lat' dir='ltr'><strong>pro</strong></span> <span class='ocrx_word' id='word_1_142' title='bbox 210 2589 354 2670; x_wconf 77' lang='grc' dir='ltr'><em>σκήπτρῳ</em></span> <span class='ocrx_word' id='word_1_143' title='bbox 378 2590 485 2676; x_wconf 84' lang='lat' dir='ltr'><strong>legisse</strong></span> <span class='ocrx_word' id='word_1_144' title='bbox 509 2614 579 2656; x_wconf 91' lang='lat' dir='ltr'><strong>eum</strong></span> <span class='ocrx_word' id='word_1_145' title='bbox 604 2598 770 2672; x_wconf 70' lang='grc' dir='ltr'><em>σκῆπτρον.</em></span> 
     </span>
    </p>
   </div>
   <div class='ocr_carea' id='block_1_3' title="bbox 22 2705 1358 2805">
    <p class='ocr_par' dir='ltr' id='par_1_5' title="bbox 22 2705 1358 2805">
     <span class='ocr_line' id='line_1_19' title="bbox 22 2705 1358 2805; baseline 0.009 -41"><span class='ocrx_word' id='word_1_146' title='bbox 22 2709 54 2769; x_wconf 78' lang='lat' dir='ltr'><strong>la.</strong></span> <span class='ocrx_word' id='word_1_147' title='bbox 75 2714 99 2769; x_wconf 87' lang='grc'><strong>3.</strong></span> <span class='ocrx_word' id='word_1_148' title='bbox 175 2706 360 2773; x_wconf 86' lang='lat' dir='ltr'><strong>Verborum:</strong></span> <span class='ocrx_word' id='word_1_149' title='bbox 384 2709 433 2780; x_wconf 76' lang='grc' dir='ltr'><em>τίς</em></span> <span class='ocrx_word' id='word_1_150' title='bbox 457 2705 547 2773; x_wconf 69' lang='grc' dir='ltr'><em>ὅντιν’</em></span> <span class='ocrx_word' id='word_1_151' title='bbox 570 2709 592 2773; x_wconf 74' lang='grc' dir='ltr'><strong>οἱ</strong></span> <span class='ocrx_word' id='word_1_152' title='bbox 617 2710 798 2775; x_wconf 78' lang='grc' dir='ltr'><em>θεσπιέπεια</em></span> <span class='ocrx_word' id='word_1_153' title='bbox 820 2712 944 2790; x_wconf 76' lang='grc' dir='ltr'><em>Δελφὶς</em></span> <span class='ocrx_word' id='word_1_154' title='bbox 962 2706 1030 2777; x_wconf 80' lang='grc' dir='ltr'><em>εἷπε</em></span> <span class='ocrx_word' id='word_1_155' title='bbox 1046 2710 1164 2792; x_wconf 82' lang='grc' dir='ltr'><em>πέτρα,</em></span> <span class='ocrx_word' id='word_1_156' title='bbox 1182 2711 1256 2780; x_wconf 87' lang='lat' dir='ltr'><strong>haec</strong></span> <span class='ocrx_word' id='word_1_157' title='bbox 1354 2797 1358 2805; x_wconf 25' lang='lat'><strong>¹</strong></span> 
     </span>
    </p>
   </div>
   <div class='ocr_carea' id='block_1_4' title="bbox 30 2824 1265 4432">
    <p class='ocr_par' dir='ltr' id='par_1_6' title="bbox 122 2824 1253 3143">
     <span class='ocr_line' id='line_1_20' title="bbox 128 2824 1253 2913; baseline 0.008 -26"><span class='ocrx_word' id='word_1_158' title='bbox 128 2824 240 2889; x_wconf 90' lang='lat' dir='ltr'><strong>scholia</strong></span> <span class='ocrx_word' id='word_1_159' title='bbox 260 2825 420 2913; x_wconf 82' lang='lat' dir='ltr'><strong>leguntur:</strong></span> <span class='ocrx_word' id='word_1_160' title='bbox 446 2829 483 2891; x_wconf 87' lang='lat'><strong>‘0</strong></span> <span class='ocrx_word' id='word_1_161' title='bbox 509 2827 540 2892; x_wconf 82' lang='grc' dir='ltr'><strong>δὲ</strong></span> <span class='ocrx_word' id='word_1_162' title='bbox 564 2831 642 2900; x_wconf 83' lang='grc' dir='ltr'><em>νοῦς·</em></span> <span class='ocrx_word' id='word_1_163' title='bbox 666 2828 713 2902; x_wconf 84' lang='grc' dir='ltr'><em>τίς</em></span> <span class='ocrx_word' id='word_1_164' title='bbox 740 2831 823 2893; x_wconf 83' lang='grc' dir='ltr'><em>ἐστιν</em></span> <span class='ocrx_word' id='word_1_165' title='bbox 847 2825 943 2909; x_wconf 78' lang='grc' dir='ltr'><em>οὗτος,</em></span> <span class='ocrx_word' id='word_1_166' title='bbox 962 2825 1065 2894; x_wconf 77' lang='grc' dir='ltr'><em>ὅντινα</em></span> <span class='ocrx_word' id='word_1_167' title='bbox 1086 2829 1253 2913; x_wconf 76' lang='grc' dir='ltr'><em>ἐμφανίζει</em></span> 
     </span>
     <span class='ocr_line' id='line_1_21' title="bbox 124 2943 1251 3030; baseline 0.007 -25"><span class='ocrx_word' id='word_1_168' title='bbox 124 2943 158 3006; x_wconf 80' lang='grc' dir='ltr'><em>τὸ</em></span> <span class='ocrx_word' id='word_1_169' title='bbox 178 2953 337 3020; x_wconf 83' lang='grc' dir='ltr'><em>μαντεῖον·</em></span> <span class='ocrx_word' id='word_1_170' title='bbox 360 2947 377 3021; x_wconf 78' lang='grc' dir='ltr'>ἢ</span> <span class='ocrx_word' id='word_1_171' title='bbox 399 2945 502 3019; x_wconf 77' lang='grc' dir='ltr'><em>οὕτως·</em></span> <span class='ocrx_word' id='word_1_172' title='bbox 524 2948 571 3019; x_wconf 82' lang='grc' dir='ltr'><em>τίς</em></span> <span class='ocrx_word' id='word_1_173' title='bbox 592 2949 676 3011; x_wconf 83' lang='grc' dir='ltr'><em>ἐστιν</em></span> <span class='ocrx_word' id='word_1_174' title='bbox 692 2943 797 3024; x_wconf 74' lang='grc' dir='ltr'><em>οὗτος,</em></span> <span class='ocrx_word' id='word_1_175' title='bbox 817 2945 847 3012; x_wconf 72' lang='grc' dir='ltr'><strong>ὃν</strong></span> <span class='ocrx_word' id='word_1_176' title='bbox 861 2949 1082 3014; x_wconf 76' lang='grc' dir='ltr'><em>κατώπτευσεν</em></span> <span class='ocrx_word' id='word_1_177' title='bbox 1096 2951 1113 3025; x_wconf 78' lang='grc' dir='ltr'><strong><em>ἦ</em></strong></span> <span class='ocrx_word' id='word_1_178' title='bbox 1127 2949 1251 3030; x_wconf 75' lang='grc' dir='ltr'><em>Δελφὶς</em></span> 
     </span>
     <span class='ocr_line' id='line_1_22' title="bbox 122 3059 1139 3143; baseline 0.009 -19"><span class='ocrx_word' id='word_1_179' title='bbox 122 3059 241 3141; x_wconf 79' lang='grc' dir='ltr'><em>πέτρα,</em></span> <span class='ocrx_word' id='word_1_180' title='bbox 268 3059 346 3136; x_wconf 78' lang='grc' dir='ltr'><em>οἷον,</em></span> <span class='ocrx_word' id='word_1_181' title='bbox 371 3065 385 3128; x_wconf 81' lang='grc' dir='ltr'>ὁ</span> <span class='ocrx_word' id='word_1_182' title='bbox 407 3067 451 3143; x_wconf 70' lang='grc' dir='ltr'><strong>μὴ</strong></span> <span class='ocrx_word' id='word_1_183' title='bbox 478 3067 579 3130; x_wconf 78' lang='grc' dir='ltr'><em>λαθὼν</em></span> <span class='ocrx_word' id='word_1_184' title='bbox 606 3066 640 3129; x_wconf 83' lang='grc' dir='ltr'><em>τὸ</em></span> <span class='ocrx_word' id='word_1_185' title='bbox 668 3073 816 3142; x_wconf 84' lang='grc' dir='ltr'><em>μαντεῖον</em></span> <span class='ocrx_word' id='word_1_186' title='bbox 845 3072 899 3130; x_wconf 82' lang='grc' dir='ltr'><em>τοῦ</em></span> <span class='ocrx_word' id='word_1_187' title='bbox 930 3068 1139 3141; x_wconf 79' lang='grc' dir='ltr'><em>Ἀπόλλωνος.</em></span> 
     </span>
    </p>

    <p class='ocr_par' dir='ltr' id='par_1_7' title="bbox 121 3179 1265 3618">
     <span class='ocr_line' id='line_1_23' title="bbox 166 3179 1252 3272; baseline 0.006 -28"><span class='ocrx_word' id='word_1_188' title='bbox 166 3179 286 3246; x_wconf 91' lang='lat' dir='ltr'><strong>Horum</strong></span> <span class='ocrx_word' id='word_1_189' title='bbox 313 3181 424 3246; x_wconf 86' lang='lat' dir='ltr'><strong>diversi</strong></span> <span class='ocrx_word' id='word_1_190' title='bbox 455 3189 528 3247; x_wconf 83' lang='lat' dir='ltr'><strong>sunt</strong></span> <span class='ocrx_word' id='word_1_191' title='bbox 556 3191 704 3250; x_wconf 84' lang='lat' dir='ltr'><strong>auctores.</strong></span> <span class='ocrx_word' id='word_1_192' title='bbox 750 3184 857 3249; x_wconf 88' lang='lat' dir='ltr'><strong>Priora</strong></span> <span class='ocrx_word' id='word_1_193' title='bbox 887 3185 942 3269; x_wconf 90' lang='lat' dir='ltr'><strong>qui</strong></span> <span class='ocrx_word' id='word_1_194' title='bbox 972 3186 1095 3272; x_wconf 86' lang='lat' dir='ltr'><strong>scripsit</strong></span> <span class='ocrx_word' id='word_1_195' title='bbox 1122 3185 1197 3271; x_wconf 82' lang='lat' dir='ltr'><strong>legit</strong></span> <span class='ocrx_word' id='word_1_196' title='bbox 1219 3186 1252 3251; x_wconf 86' lang='lat' dir='ltr'><strong>id</strong></span> 
     </span>
     <span class='ocr_line' id='line_1_24' title="bbox 123 3297 1249 3385; baseline 0.008 -25"><span class='ocrx_word' id='word_1_197' title='bbox 123 3297 203 3380; x_wconf 88' lang='lat' dir='ltr'><strong>quod</strong></span> <span class='ocrx_word' id='word_1_198' title='bbox 226 3299 399 3363; x_wconf 87' lang='lat' dir='ltr'><strong>etiamnunc</strong></span> <span class='ocrx_word' id='word_1_199' title='bbox 421 3299 551 3385; x_wconf 85' lang='lat' dir='ltr'><strong>legitur:</strong></span> <span class='ocrx_word' id='word_1_200' title='bbox 575 3301 633 3373; x_wconf 77' lang='grc' dir='ltr'><strong>Τίς</strong></span> <span class='ocrx_word' id='word_1_201' title='bbox 660 3297 750 3365; x_wconf 74' lang='grc' dir='ltr'><em>ὅντιν’</em></span> <span class='ocrx_word' id='word_1_202' title='bbox 778 3302 799 3364; x_wconf 76' lang='grc' dir='ltr'><strong>οἱ</strong></span> <span class='ocrx_word' id='word_1_203' title='bbox 826 3301 1009 3365; x_wconf 75' lang='grc' dir='ltr'><em>θεσπιὲπεια</em></span> <span class='ocrx_word' id='word_1_204' title='bbox 1034 3304 1157 3384; x_wconf 73' lang='grc' dir='ltr'><em>Δεαφὶς</em></span> <span class='ocrx_word' id='word_1_205' title='bbox 1178 3299 1249 3369; x_wconf 85' lang='grc' dir='ltr'><em>εἷπε</em></span> 
     </span>
     <span class='ocr_line' id='line_1_25' title="bbox 122 3413 1265 3498; baseline 0.01 -23"><span class='ocrx_word' id='word_1_206' title='bbox 122 3413 233 3494; x_wconf 79' lang='grc' dir='ltr'><em>πέτρα.</em></span> <span class='ocrx_word' id='word_1_207' title='bbox 269 3413 357 3478; x_wconf 86' lang='lat' dir='ltr'><strong>Alter</strong></span> <span class='ocrx_word' id='word_1_208' title='bbox 379 3423 498 3495; x_wconf 82' lang='lat' dir='ltr'><strong>autem,-</strong></span> <span class='ocrx_word' id='word_1_209' title='bbox 522 3424 681 3483; x_wconf 87' lang='lat' dir='ltr'><strong>annolans:</strong></span> <span class='ocrx_word' id='word_1_210' title='bbox 707 3417 737 3482; x_wconf 76' lang='grc' dir='ltr'><strong>ὃν</strong></span> <span class='ocrx_word' id='word_1_211' title='bbox 763 3422 983 3483; x_wconf 71' lang='grc' dir='ltr'><strong>κατώπτευσεν</strong></span> <span class='ocrx_word' id='word_1_212' title='bbox 1004 3426 1035 3483; x_wconf 89' lang='lat' dir='ltr'><strong>et</strong></span> <span class='ocrx_word' id='word_1_213' title='bbox 1055 3420 1068 3483; x_wconf 80' lang='grc' dir='ltr'><em>ὃ</em></span> <span class='ocrx_word' id='word_1_214' title='bbox 1089 3423 1133 3498; x_wconf 72' lang='grc' dir='ltr'><strong>μίι</strong></span> <span class='ocrx_word' id='word_1_215' title='bbox 1149 3422 1265 3487; x_wconf 75' lang='grc' dir='ltr'><em>λαθών·</em></span> 
     </span>
     <span class='ocr_line' id='line_1_26' title="bbox 121 3527 638 3618; baseline 0.012 -24"><span class='ocrx_word' id='word_1_216' title='bbox 121 3527 267 3615; x_wconf 73' lang='lat' dir='ltr'><strong>prostare</strong></span> <span class='ocrx_word' id='word_1_217' title='bbox 293 3532 402 3618; x_wconf 88' lang='lat' dir='ltr'><strong>legisse</strong></span> <span class='ocrx_word' id='word_1_218' title='bbox 423 3534 543 3599; x_wconf 86' lang='lat' dir='ltr'><strong>videtur</strong></span> <span class='ocrx_word' id='word_1_219' title='bbox 566 3530 638 3600; x_wconf 77' lang='grc' dir='ltr'><em>εἶδε.</em></span> 
     </span>
    </p>

    <p class='ocr_par' dir='ltr' id='par_1_8' title="bbox 30 3651 1245 3974">
     <span class='ocr_line' id='line_1_27' title="bbox 30 3651 1245 3741; baseline 0.013 -32"><span class='ocrx_word' id='word_1_220' title='bbox 30 3656 93 3716; x_wconf 81' lang='grc'><strong>477.</strong></span> <span class='ocrx_word' id='word_1_221' title='bbox 166 3651 266 3741; x_wconf 61' lang='lat' dir='ltr'><strong>Titi</strong></span> <span class='ocrx_word' id='word_1_222' title='bbox 291 3651 460 3732; x_wconf 80' lang='grc' dir='ltr'><em>ἐξιχνεύειν</em></span> <span class='ocrx_word' id='word_1_223' title='bbox 484 3655 648 3735; x_wconf 71' lang='grc' dir='ltr'><em>ἐπήγαγεν</em></span> <span class='ocrx_word' id='word_1_224' title='bbox 669 3658 721 3726; x_wconf 77' lang='grc' dir='ltr'><strong>καὶ</strong></span> <span class='ocrx_word' id='word_1_225' title='bbox 743 3657 784 3720; x_wconf 75' lang='grc' dir='ltr'><em>τα</em></span> <span class='ocrx_word' id='word_1_226' title='bbox 808 3658 897 3722; x_wconf 70' lang='grc' dir='ltr'><strong>ἄλλα</strong></span> <span class='ocrx_word' id='word_1_227' title='bbox 917 3657 1057 3736; x_wconf 73' lang='grc' dir='ltr'><em>ὀνοματα</em></span> <span class='ocrx_word' id='word_1_228' title='bbox 1079 3664 1245 3739; x_wconf 76' lang='grc' dir='ltr'><em>τροπικῶς,</em></span> 
     </span>
     <span class='ocr_line' id='line_1_28' title="bbox 122 3768 1243 3859; baseline 0.01 -28"><span class='ocrx_word' id='word_1_229' title='bbox 122 3770 159 3839; x_wconf 81' lang='grc' dir='ltr'><strong>ὡς</strong></span> <span class='ocrx_word' id='word_1_230' title='bbox 195 3770 245 3834; x_wconf 75' lang='grc' dir='ltr'><strong>ἐπὶ</strong></span> <span class='ocrx_word' id='word_1_231' title='bbox 280 3768 383 3850; x_wconf 76' lang='grc' dir='ltr'><em>ἄγρας</em></span> <span class='ocrx_word' id='word_1_232' title='bbox 410 3772 529 3852; x_wconf 82' lang='grc' dir='ltr'><em>ταύρων</em></span> <span class='ocrx_word' id='word_1_233' title='bbox 558 3776 617 3838; x_wconf 80' lang='grc' dir='ltr'><em>τῶν</em></span> <span class='ocrx_word' id='word_1_234' title='bbox 645 3775 704 3840; x_wconf 78' lang='grc' dir='ltr'><strong>ὑπὸ</strong></span> <span class='ocrx_word' id='word_1_235' title='bbox 738 3775 862 3840; x_wconf 77' lang='grc' dir='ltr'><em>παντων</em></span> <span class='ocrx_word' id='word_1_236' title='bbox 898 3777 1088 3859; x_wconf 75' lang='grc' dir='ltr'><em>ζητουμένων</em></span> <span class='ocrx_word' id='word_1_237' title='bbox 1122 3782 1243 3854; x_wconf 78' lang='grc' dir='ltr'><em>καλῶν,</em></span> 
     </span>
     <span class='ocr_line' id='line_1_29' title="bbox 122 3879 687 3974; baseline 0.016 -24"><span class='ocrx_word' id='word_1_238' title='bbox 122 3879 175 3951; x_wconf 80' lang='grc' dir='ltr'><strong>καὶ</strong></span> <span class='ocrx_word' id='word_1_239' title='bbox 200 3885 299 3969; x_wconf 74' lang='grc' dir='ltr'><em>ὥσπερ</em></span> <span class='ocrx_word' id='word_1_240' title='bbox 324 3891 353 3953; x_wconf 91' lang='grc' dir='ltr'><em>ε’ν</em></span> <span class='ocrx_word' id='word_1_241' title='bbox 379 3887 436 3972; x_wconf 67' lang='lat' dir='ltr'><strong>inp</strong></span> <span class='ocrx_word' id='word_1_242' title='bbox 461 3895 687 3974; x_wconf 78' lang='grc' dir='ltr'><em>κεκρυμμένων.</em></span> 
     </span>
    </p>

    <p class='ocr_par' dir='ltr' id='par_1_9' title="bbox 166 4005 1095 4081">
     <span class='ocr_line' id='line_1_30' title="bbox 166 4005 1095 4081; baseline 0.013 -13"><span class='ocrx_word' id='word_1_243' title='bbox 166 4005 225 4069; x_wconf 93' lang='lat' dir='ltr'><strong>Pro</strong></span> <span class='ocrx_word' id='word_1_244' title='bbox 250 4006 378 4072; x_wconf 89' lang='lat' dir='ltr'><strong>absurda</strong></span> <span class='ocrx_word' id='word_1_245' title='bbox 400 4030 474 4074; x_wconf 86' lang='lat' dir='ltr'><strong>voce</strong></span> <span class='ocrx_word' id='word_1_246' title='bbox 497 4017 600 4076; x_wconf 75' lang='grc' dir='ltr'><em>κακῶν</em></span> <span class='ocrx_word' id='word_1_247' title='bbox 623 4035 661 4078; x_wconf 86' lang='lat' dir='ltr'><strong>ex</strong></span> <span class='ocrx_word' id='word_1_248' title='bbox 683 4013 724 4079; x_wconf 91' lang='lat' dir='ltr'><strong>G.</strong></span> <span class='ocrx_word' id='word_1_249' title='bbox 746 4013 967 4079; x_wconf 85' lang='lat' dir='ltr'><strong>restituendum</strong></span> <span class='ocrx_word' id='word_1_250' title='bbox 991 4022 1095 4081; x_wconf 79' lang='grc' dir='ltr'><em>κυνῶν.</em></span> 
     </span>
    </p>

    <p class='ocr_par' dir='ltr' id='par_1_10' title="bbox 31 4121 1245 4432">
     <span class='ocr_line' id='line_1_31' title="bbox 31 4121 1245 4216; baseline 0.015 -31"><span class='ocrx_word' id='word_1_251' title='bbox 31 4133 91 4188; x_wconf 77' lang='lat'><strong>492.</strong></span> <span class='ocrx_word' id='word_1_252' title='bbox 165 4125 243 4204; x_wconf 76' lang='grc' dir='ltr'><strong>Πρὸς</strong></span> <span class='ocrx_word' id='word_1_253' title='bbox 278 4121 348 4189; x_wconf 74' lang='grc' dir='ltr'><em>ὅπου</em></span> <span class='ocrx_word' id='word_1_254' title='bbox 379 4127 414 4199; x_wconf 68' lang='grc' dir='ltr'><strong>δὴ</strong></span> <span class='ocrx_word' id='word_1_255' title='bbox 447 4129 594 4216; x_wconf 68' lang='grc' dir='ltr'><em>βασάνῳ]</em></span> <span class='ocrx_word' id='word_1_256' title='bbox 631 4131 710 4209; x_wconf 80' lang='grc' dir='ltr'><em>Ποίῳ</em></span> <span class='ocrx_word' id='word_1_257' title='bbox 737 4135 891 4213; x_wconf 74' lang='grc' dir='ltr'><em>λογισμῷ.</em></span> <span class='ocrx_word' id='word_1_258' title='bbox 936 4134 1022 4200; x_wconf 84' lang='grc' dir='ltr'><em>Ἀντ)</em></span> <span class='ocrx_word' id='word_1_259' title='bbox 1058 4140 1129 4210; x_wconf 77' lang='grc' dir='ltr'><em>τοῦ,</em></span> <span class='ocrx_word' id='word_1_260' title='bbox 1164 4136 1245 4210; x_wconf 85' lang='grc' dir='ltr'><em>σίνος</em></span> 
     </span>
     <span class='ocr_line' id='line_1_32' title="bbox 123 4241 1244 4329; baseline 0.012 -23"><span class='ocrx_word' id='word_1_261' title='bbox 123 4241 313 4321; x_wconf 70' lang='grc' dir='ltr'><em>πράγματος</em></span> <span class='ocrx_word' id='word_1_262' title='bbox 333 4245 428 4326; x_wconf 79' lang='grc' dir='ltr'><em>κρίσει</em></span> <span class='ocrx_word' id='word_1_263' title='bbox 452 4250 669 4329; x_wconf 73' lang='grc' dir='ltr'><em>χρησάμενος,</em></span> <span class='ocrx_word' id='word_1_264' title='bbox 695 4258 759 4322; x_wconf 80' lang='grc' dir='ltr'><em>τοῖς</em></span> <span class='ocrx_word' id='word_1_265' title='bbox 782 4253 960 4329; x_wconf 79' lang='grc' dir='ltr'><em>λεγομένοις</em></span> <span class='ocrx_word' id='word_1_266' title='bbox 984 4254 1140 4321; x_wconf 81' lang='grc' dir='ltr'><em>πιστεύσω</em></span> <span class='ocrx_word' id='word_1_267' title='bbox 1159 4257 1244 4322; x_wconf 77' lang='grc' dir='ltr'><em>κατοὶ</em></span> 
     </span>
     <span class='ocr_line' id='line_1_33' title="bbox 123 4360 1116 4432; baseline 0.008 -8"><span class='ocrx_word' id='word_1_268' title='bbox 123 4360 293 4432; x_wconf 70' lang='grc' dir='ltr'><em>Οἰδίποδος.</em></span> <span class='ocrx_word' id='word_1_269' title='bbox 1114 4371 1116 4382; x_wconf 84' lang='grc'><strong>’</strong></span> 
     </span>
    </p>
   </div>
   <div class='ocr_carea' id='block_1_5' title="bbox 0 0 1610 5292">
    <p class='ocr_par' dir='ltr' id='par_1_11' title="bbox 0 0 1610 5292">
     <span class='ocr_line' id='line_1_34' title="bbox 0 0 1610 5292; baseline 0 2"><span class='ocrx_word' id='word_1_270' title='bbox 0 0 1610 5292; x_wconf 95' lang='lat' dir='ltr'><strong> </strong></span> 
     </span>
    </p>
   </div>
  </div>
 </body>
</html>
