3210 5292
216 721 270 784 Est
294 722 389 800 enim,
421 741 502 783 more
531 726 705 804 poetarum,
731 739 783 802 per
811 717 961 803 prolepsin
985 717 1101 780 dictum
1127 715 1298 798 οίδόιιρυτον

171 837 266 909 οὐδεὶς
302 837 457 918 σσενοίζει,
493 837 546 921 qai
581 835 688 901 modus
717 835 860 918 loquendi
891 835 972 921 apud
1001 837 1133 923 tragicos
1160 835 1299 919 frequen·

171 956 309 1020 tissimus
331 962 387 1023 est.

83 1088 143 1143 890.
218 1074 390 1146 Μεσοινιίας
414 1075 440 1138 δ’
465 1069 513 1138 οὖν
537 1081 593 1146 τῆς
618 1072 695 1156 όίνιο]
720 1074 765 1137 Τό
792 1073 860 1149 μεθ’
885 1073 969 1150 ημῶν
992 1070 1053 1136 alva
1078 1074 1182 1136 οἰκεῖν.

218 1194 277 1258 Pro
307 1193 352 1259 τό
383 1193 572 1258 scribendum
603 1196 686 1256 σοῦ.
731 1190 787 1255 Elst
821 1191 901 1255 euim·
929 1188 1139 1276 interpretatio
1166 1190 1299 1276 genetivi

173 1313 344 1391 μετοικίας.

82 1443 144 1497 993.
218 1429 286 1494 Τίν’
310 1433 408 1498 αὐδᾶν
429 1432 626 1517 ξυμμόχιον]
651 1431 763 1496 Λείνιει
787 1439 907 1495 καλεῖν.

186 1547 189 1554 “
218 1551 314 1632 Quasi
337 1552 483 1616 hocloco
506 1552 674 1636 quidquam
698 1551 856 1616 interesset
878 1549 957 1614 iuter
983 1548 1081 1612 αιἰδόιν
1104 1555 1279 1613 eluctata.

35 1680 100 1737 951.
119 1681 144 1736 3.
219 1669 370 1735 Βοόλεσαι
398 1670 429 1734 δὲ
459 1673 574 1750 εἰπεῖν,
605 1668 651 1734 ότι
678 1669 748 1734 οὔτε
770 1669 811 1732 τόν
838 1669 877 1732 ἕν.
895 1670 1025 1749 οὐρανῷ,
1050 1667 1120 1732 οόνε
1143 1667 1187 1732 τόν
1210 1668 1240 1732 ἐν
1261 1676 1300 1748 τῇ

174 1798 235 1870 γῇ,
256 1788 326 1853 οὔτε
347 1789 390 1852 τόν
414 1791 443 1854 ἓν
465 1800 504 1871 τῇ
523 1787 908 1870 όαλόντηοιρατνόμενα,
932 1786 1019 1867 νεαρόν
1038 1795 1149 1868 μοῖραν
1167 1784 1302 1865 γίνεται.

175 1907 281 1972 Verbis
300 1906 342 1971 τόν
367 1909 397 1972 ἐν
421 1908 533 1988 οὐρανῷ
559 1907 727 1972 Scholiasta
746 1905 907 1972 manifesto
924 1911 1041 1993 spectat
1059 1905 1098 1971 ad
1117 1903 1301 2000 vocabulum

173 2025 307 2107 όμβρος,
342 2027 376 2091 iu
405 2050 466 2111 qua
496 2025 644 2090 Codicum
679 2026 826 2110 scriptura
856 2025 953 2111 igitur
982 2024 1143 2091 consentit.
1188 2021 1302 2087 Recen-

176 2145 268 2210 tiores
291 2145 421 2210 editores
445 2168 461 2210 e
484 2145 657 2210 coniectura
680 2142 786 2208 melius
810 2141 947 2207 scribunt
970 2141 1075 2220 όλβος.

83 2280 144 2334 959.
223 2262 313 2328 Οόσω
337 2264 396 2334 σόος
425 2263 541 2341 μανίας
564 2260 656 2328 δεινόν
680 2260 870 2343 οίποσσνίζειῑ
897 2260 987 2326 Οὕτω
1013 2260 1065 2325 καί
1090 2264 1144 2324 σοῦ
1167 2258 1303 2338 Λυκοόρ-

176 2405 233 2458 νου
256 2383 319 2446 aar
344 2385 399 2454 της
424 2384 540 2461 μανίας
565 2382 639 2462 toth
664 2379 843 2459 ἀποβαίνει.

219 2499 309 2565 Patet
327 2523 365 2566 ex
380 2501 428 2566 his
447 2503 538 2567 etiam
558 2501 753 2566 scholiastam
765 2498 854 2565 verba
869 2503 929 2570 σόος
943 2499 1061 2578 μανίας
1081 2500 1229 2586 accepisse
1248 2521 1303 2587 pro

175 2619 330 2703 genetivo,
355 2627 537 2706 quapropter
560 2620 652 2685 etiam
669 2618 701 2682 in
716 2618 858 2682 lemmate
881 2620 956 2689 σ-ῖις
981 2640 1036 2704 pro
1059 2618 1135 2692 σός
1158 2640 1303 2705 reponen·
1382 2673 1385 2681 ,

177 2734 250 2799 dum
273 2749 327 2805 est.

86 2868 146 2923 969.
221 2852 260 2917 In
294 2855 352 2919 hoc
386 2877 476 2921 versu
500 2891 543 2907 -
568 2854 818 2934 Σαλμυδησσός,
851 2853 890 2920 ἵν’
918 2855 1116 2936 ἀγχίπτολις
1139 2857 1237 2938 ’Ἄρης
1261 2893 1304 2909 -

177 2971 294 3056 aliquid
324 2972 471 3038 excidisse
501 2980 632 3038 metrum
666 2973 780 3038 indicio
804 2979 859 3039 est.
906 2973 1072 3040 Scholiasta
1103 2979 1205 3040 autem
1232 2974 1306 3040 haec

176 3089 284 3155 habet:
308 3093 346 3153 Ὁ
369 3091 520 3174 Θρακικδς
540 3091 783 3169 Σαλμυδησσός·
805 3090 948 3170 πέλαγος
968 3091 999 3157 δέ
1020 3093 1086 3157 ε’σσι
1099 3092 1302 3174 δυσχείμερον

176 3206 243 3286 περὶ
269 3209 405 3292 Θρηίκην·
428 3209 604 3290 Αἰσχύλος·

662 3329 895 3406 Σαλμυδησσία
920 3329 1049 3408 γνοίόος,

423 3447 598 3529 ἐχθρόξενος
623 3446 771 3529 ναότησι,
796 3449 932 3529 μητρνιόι
957 3449 1039 3513 νεῶν.

220 3566 246 3630 Ε
280 3567 391 3652 quibus
424 3566 597 3632 Boeekhius
628 3566 751 3653 collegit
783 3567 976 3633 scholiastam
1007 3569 1164 3655 epitheton
1193 3571 1303 3658 legisse

175 3685 314 3751 vocabuli
353 3685 582 3763 Σαλμυδησσός
626 3685 708 3770 quod
749 3707 802 3771 per
844 3686 1046 3769 δυσχείμερος
1089 3688 1303 3775 interpretetur

175 3808 207 3866 et
235 3804 273 3867 ad
303 3804 384 3888 quod
414 3803 559 3888 Aeschyli
588 3825 691 3867 versus
713 3803 872 3888 pertineat.
918 3805 1054 3870 Inseruit
1076 3805 1302 3891 igitur-dfferor

175 3919 256 4002 quod
280 3927 311 3984 et
331 3921 516 3987 Scholiastae
539 3920 781 4006 interpretationi
805 3927 834 3984 et
857 3929 952 3988 metro
975 3924 1166 4010 aptissimum
1190 3930 1246 3990 est.

36 4062 99 4120 971,
120 4061 145 4116 1·
220 4039 291 4101 Τῶν
320 4040 428 4104 δισσῶν
452 4027 612 4112 Φινεῖδαι,
649 4038 844 4126 typothetae,
880 4046 916 4104 ut
949 4041 1079 4121 videtur,
1116 4062 1214 4106 errore
1247 4063 1302 4128 pro

177 4158 327 4223 Φινειδῶν.

83 4293 145 4348 988.
222 4275 330 4352 Θόβης
353 4265 507 4360 όννακνες]Ι
527 4277 587 4340 Καί
610 4281 660 4340 νῦν
682 4273 825 4348 όννακσας
849 4278 928 4356 φησί
953 4278 1023 4350 τοὺς
1047 4281 1109 4344 atat
1133 4286 1187 4348 τοῦ
1206 4286 1299 4362 χοροῦ

176 4417 325 4474 ενσιμους.
