3210 5292
875 489 915 552 12

333 695 418 762 κοιτύι
438 697 493 769 τὴν
518 693 671 774 ύμετέρκν
696 695 854 768 σννύύεικν
868 694 1030 774 ἐύύιύοιρκεν
1052 697 1158 775 λέγειν
1185 694 1297 774 οὕτως,
1320 694 1371 761 ἵνοι
1395 720 1457 761 τοι·

332 813 447 894 poetro
471 812 543 894 τρύς
573 812 649 891 ἐμὲ,
674 811 834 890 βούλορκοιί
860 838 905 878 σοι
932 813 1104 892 σκροοιύνειν.
1154 812 1246 879 otro
1270 813 1417 894 Δίδυμος.

365 931 442 996 'Hie
468 928 564 1017 igitur
594 930 684 996 verba
710 928 759 998 i‘vu
786 933 830 1010 ui
858 931 1033 1014 τροοτέσιρς
1062 933 1122 1018 (vel
1151 933 1256 1019 potius
1285 955 1353 998 oum
1381 934 1458 1000 Her·

332 1070 441 1114 menno
475 1047 644 1132 τροτέσρς)
678 1071 733 1135 per
765 1072 797 1115 se
830 1050 913 1115 diota
940 1052 1071 1138 eooepit,
1097 1057 1131 1116 ut
1153 1051 1248 1117 latins
1270 1052 1399 1117 dieiturz
1423 1060 1459 1117 ut

330 1167 422 1232 hodio
445 1167 487 1232 sis'
514 1168 595 1253 apud
623 1189 681 1235 me.
728 1168 827 1233 Aliter
859 1168 1027 1255 meliusque
1057 1169 1215 1235 verborum
1246 1169 1382 1235 ordinem
1410 1193 1459 1236 ex·

331 1284 486 1371 ponitis,
509 1285 563 1369 qui
587 1284 619 1350 in
642 1285 768 1351 Soholio
790 1286 828 1351 ad
851 1287 1020 1373 proximum
1046 1309 1165 1352 versum
1196 1287 1318 1352 scribit:
1351 1288 1458 1353 Titi

332 1401 416 1480 ἑξῆς·
437 1401 515 1468 ἀλλ’
535 1399 585 1468 ύνοι
604 1403 681 1485 τῷδε
707 1407 751 1483 μὴ
777 1403 952 1487 τροστέσρς
972 1403 1065 1470 νύτει
1087 1403 1245 1480 τοιύεντι,
1271 1404 1456 1485 ρκετούστκύι.

242 1529 303 1585 159.
376 1521 552 1603 Μειλιχίων
575 1521 691 1589 utros:
715 1523 856 1588 Γλυκέων
876 1522 992 1597 τούτων,
1017 1519 1036 1588 ύ
1053 1525 1138 1597 ε’στι,
1158 1524 1302 1601 μέλιτος,
1328 1520 1370 1597 οἷς
1389 1549 1457 1603 μει-

333 1642 474 1707 λίσσοντο
495 1641 555 1713 τοὶς
575 1641 658 1715 ύεύς.
707 1646 922 1723 Σννκιρνῖιτκι
945 1643 1008 1723 γὰρ
1028 1643 1162 1715 τοιύτκις
1184 1650 1256 1717 τκῖι
1279 1646 1362 1715 ύεκῖς
1385 1642 1457 1708 teo-

333 1785 384 1833 τος
409 1757 461 1824 κού
486 1762 614 1840 μέλιτος
641 1761 802 1842 κριιτύρ.

376 1880 426 1946 Ad
448 1880 591 1946 ultimum
610 1879 794 1946 vooebulum
814 1883 928 1962 κροιτύρ
943 1884 1069 1944 annotat
1092 1878 1269 1946 Elmsleius:
1292 1878 1359 1948 MS.
1381 1886 1453 1962 χρή.

330 1997 387 2064 Ed.
411 1998 498 2063 Rom.
521 2000 640 2078 κρῖιμοι.

375 2118 472 2184 Miror
493 2117 623 2183 editores
642 2140 704 2183 non
728 2118 839 2184 vidisse
861 2117 937 2183 illud
959 2119 1021 2198 χρή
1046 2119 1127 2202 quod
1150 2118 1182 2183 in
1212 2117 1323 2184 Codice
1345 2118 1458 2204 legitur

331 2235 409 2300 nihil
444 2235 526 2301 eliud
560 2257 624 2301 esse
657 2235 717 2299 nisi
752 2238 839 2315 χού.
887 2236 949 2310 Χού
978 2237 1059 2300 enim
1090 2256 1151 2300 non
1182 2235 1220 2303 de
1249 2237 1319 2301 solis
1341 2237 1458 2302 inferiis

332 2353 412 2433 dici,
435 2358 586 2419 testantur
608 2353 700 2417 huius
724 2353 821 2440 ipsius
843 2352 960 2418 fabulae
982 2375 1040 2418 vss.
1064 2355 1128 2418 470
1152 2359 1183 2417 et
1213 2355 1315 2433 1595,
1344 2352 1398 2418 ubi
1421 2355 1458 2418 de

331 2470 471 2535 manibus
494 2492 592 2535 sermo
614 2492 676 2535 non
698 2475 754 2536 est.
799 2469 973 2550 Praeterea,
1004 2470 1030 2535 si
1056 2470 1117 2549 χρή
1141 2470 1264 2535 inferias
1292 2470 1457 2556 signifieat,

333 2588 415 2653 melli
449 2593 480 2652 et
514 2609 608 2674 equae
642 2588 734 2654 etiam
769 2588 876 2653 vinum
914 2587 1072 2654 admisceri
1106 2587 1192 2652 tostis
1227 2591 1273 2652 est
1307 2587 1457 2652 Homerus
1561 2621 1562 2629 ι

331 2705 390 2772 od.
422 2709 474 2773 10.
511 2709 586 2772 518.
614 2708 701 2788 ἀμφ’
725 2708 809 2788 οούτῷ
837 2707 867 2771 δὲ
896 2709 974 2786 χοὴν
1004 2709 1131 2788 χεῖσύκι
1158 2707 1254 2771 τᾶσιν
1280 2705 1455 2778 νεκύεσσιν,

332 2825 439 2904 πρῶτον
468 2824 662 2902 μελικρήτῳ,
693 2825 870 2900 μετέπειτοι
903 2826 935 2887 δὲ
963 2823 1054 2898 Foeta·
1074 2824 1182 2904 Ρούνῳ,
1207 2825 1242 2888 τὸ
1266 2823 1365 2903 τρίτον
1389 2819 1455 2888 οὗθ’
1486 2815 1491 2826 ’

332 2939 431 3009 ύδοιτι.

375 3057 536 3124 Libemine
566 3064 666 3124 eutem
696 3057 856 3124 Furiarum
888 3060 960 3124 vino
990 3080 1089 3123 oerore
1117 3059 1181 3144 ipse
1209 3056 1373 3145 Sophocles
1400 3082 1454 3124 nos
1559 3045 1560 3056 ἵ

332 3178 437 3258 dooet,
469 3176 569 3242 verbis
603 3179 705 3259 νήφων
731 3175 840 3248 ύούνοις
877 3179 933 3262 (τε.
960 3179 1035 3261 100)
1067 3181 1097 3240 et
1128 3174 1256 3249 ύδιιτοο,
1286 3175 1452 3253 μελίσσης·
1559 3159 1560 3164 ¹

331 3296 408 3373 μηδὲ
446 3294 629 3378 προσφέρειν
667 3295 743 3375 μέθυ
780 3297 839 3381 (vs.
873 3298 962 3380 481).
1013 3294 1132 3376 Quibus
1167 3294 1362 3360 consideretis
1395 3317 1456 3358 non

332 3412 440 3478 dubito
471 3414 504 3478 in
535 3415 652 3480 soholio
680 3421 782 3481 nostro
813 3414 956 3480 seribere:
993 3417 1207 3494 Σνγκιρνῖιτιιι
1235 3412 1297 3492 γὰρ
1323 3414 1456 3484 τούτοις

332 3541 403 3604 ταῖς
428 3533 512 3604 essu
542 3531 651 3607 ύδοιτος
676 3534 729 3599 κού
753 3533 880 3612 μέλιτος
908 3535 980 3614 χρή.

243 3669 302 3723 203.
375 3651 457 3717 Ὅτε
481 3654 532 3716 νῦν
557 3659 687 3736 χοιλρῖςι
711 3653 793 3717 Ὅτε
821 3657 872 3717 νῦν
903 3651 993 3722 εἴκεις
1029 3650 1081 3715 uui
1117 3653 1171 3716 οὐκ
1206 3649 1384 3721 ιἰντιτεύνεις
1422 3651 1456 3713 τὸ

333 3771 478 3850 ἐξελθεῖν.
524 3771 621 3849 Λέγει
652 3772 682 3836 δὲ
707 3773 741 3836 ἐκ
766 3777 819 3836 τοῦ
843 3773 933 3850 ἱεροῦ.

376 3891 437 3956 Pro
462 3889 505 3955 τό
531 3889 721 3955 scribendum
744 3892 811 3971 τζοι
834 3891 887 3954 ούκ
912 3887 1091 3961 ύντιτεύνεις
1117 3890 1159 3967 τῷ
1184 3888 1329 3961 ἐξελθεῖν.

235 4030 285 4088 237
379 4012 476 4076 Οὐδὲν
499 4011 531 4076 δὲ
553 4012 584 4074 ἐν
608 4016 671 4081 τοῖς
696 4009 835 4087 Διδύκον
857 4008 971 4072 τούτων
998 4007 1157 4085 ύβελισύὲν
1181 4005 1316 4087 εύροικεν.
1411 4084 1415 4093 1

203 4111 301 4180 ififine·
376 4130 424 4194 De
451 4127 585 4215 Didymo
616 4126 778 4215 principali
807 4125 999 4192 Scholiorum
1021 4132 1143 4192 auctore
1167 4125 1358 4190 conferentur
1381 4145 1459 4207 quae

332 4245 486 4311 Gustavus
509 4246 649 4312 Wolffius
680 4245 848 4330 disputavit
878 4245 910 4309 in
941 4243 1047 4330 Capite
1080 4243 1211 4308 seeundo
1241 4243 1312 4308 libri
1344 4241 1381 4306 de
1403 4242 1458 4307 So·

331 4362 450 4449 phoolis
474 4362 664 4428 Soholiorum
688 4361 963 4428 Laurentianorum
986 4362 1077 4428 variis
1099 4362 1290 4428 lectionibus.
