3250 5292
174 695 282 769 θέντας
318 699 401 777 αὑτῷ
436 696 576 780 φανερόιν
614 694 727 775 ἔχθραν
767 694 822 770 ἤδη
859 695 913 760 καί
949 697 981 760 οὑ
1014 697 1194 774 μέλλουσαν
1228 699 1301 778 πρός

174 816 339 894 Κορινθίους
365 816 556 891 κτῆσασθαι,
581 821 638 889 τῆς
671 814 698 878 δ’
721 813 923 894 ὑπαρχούσης
950 811 1093 895 πρότερον
1115 814 1165 880 διόι
1189 824 1303 893 Μεγα-

174 931 245 1014 ρέας
270 933 407 1015 ὑποψίας
433 935 621 1022 [σῶφρον]
646 934 777 1015 ὑφελεῖν
800 935 936 1012 μᾶλλον.

218 1052 299 1118 Ibid.
322 1051 357 1118 O.
382 1056 435 1118 62.
459 1057 491 1119 6.

219 1163 272 1227 καί
298 1165 380 1228 αὑτό
407 1165 464 1242 μέν
489 1165 524 1228 τό
549 1167 603 1228 τοὺ
622 1162 786 1243 Ἀριστέως
816 1161 976 1242 κέρας-
999 1159 1135 1242 ἔτρεψαν
1166 1162 1202 1226 τὺ
1231 1162 1300 1227 καθ’

175 1282 303 1353 ἑαυτοὺς
333 1283 386 1347 καί
413 1281 580 1358 ἐπεξῆλθον
603 1283 760 1352 διώκοντες
784 1280 840 1345 ε’πί
862 1279 954 1345 πσλὺ.
988 1281 1023 1344 τό
1053 1282 1080 1346 δ’
1097 1278 1178 1344 θολλσ
1205 1304 1302 1361 στρα-

173 1399 300 1465 τόπεδον
328 1404 417 1487 [τῶν
440 1425 484 1465 τε
507 1400 816 1466 Ποπειδαιατῶν
845 1398 913 1463 καὶ
944 1399 1019 1463 τῶν
1046 1407 1301 1476 Πελοποννη·

175 1520 214 1584 σί
222 1521 283 1607 ων]
305 1521 425 1593 ῆσσόιτο
449 1519 507 1585 ὑπὸ
528 1524 587 1584 τῶν
608 1518 775 1596 Ἀθηναίων
795 1516 856 1592 καί
871 1519 901 1590 ές
922 1519 957 1583 τό
977 1525 1085 1598 τεῖχος
1106 1519 1301 1600 κατέφυγεν.

221 1636 302 1703 Ibid.
325 1637 361 1703 G.
387 1639 438 1704 77.
462 1641 494 1703 θ.
519 1640 550 1704 ὑ.

218 1755 412 1833 ἀδικούμενοί
437 1780 492 1835 τε,
526 1758 565 1830 ὑς
593 1755 703 1833 έσικεν,
736 1757 762 1821 οἱ
795 1755 942 1836 ἄνθρωποι
975 1757 1101 1833 μὺλλον
1128 1756 1300 1840 ὀργίζονται

175 1872 192 1948 ῆ
216 1872 408 1955 βιαζόμενοι·
429 1875 465 1939 τὸ
486 1875 543 1954 μέν
569 1876 632 1955 γαρ
656 1875 719 1940 ὑπὸ
743 1879 797 1940 τοὺ
824 1875 890 1940 ίσου
915 1874 1001 1940 δοκεῖ
1026 1876 1298 1949 πλεονεκτεῖσθαι,

174 1993 208 2056 τὸ
244 1992 269 2056 δ’
293 1993 356 2056 οὶπὺ
387 1998 442 2056 τοὺ
478 1991 646 2072 κρείσσονος
685 1992 998 2075 καταναγκάζεσθαι.
1041 1993 1099 2058 ὑπό
1136 1998 1212 2073 γοῦν
1246 1999 1300 2059 τοὺ
1379 2033 1382 2037 ’

174 2109 281 2183 Μῆδον
307 2108 460 2190 δεινότερα
494 2110 609 2176 τούτων
643 2110 824 2192 ποίσχσνπες
863 2110 1037 2193 ἠνείχοντο,
1073 2114 1090 2187 ῆ
1115 2111 1142 2176 δ’
1163 2112 1301 2194 ῆμετέρα

174 2227 259 2308 οίρχῆ
288 2229 422 2307 χαλεπὴ
448 2230 533 2294 δοκεῖ
557 2224 654 2305 είῖικι,
691 2231 950 2317 [είκότυς·τό
977 2231 1100 2311 παρόν
1131 2230 1209 2313 γὰρ
1234 2231 1298 2298 θεέ

176 2345 283 2426 βαρὺ
309 2355 397 2419 τοῖς
424 2347 646 2434 ὑπηκόοις]

219 2462 300 2530 Ibid.
324 2465 359 2532 Ο.
384 2469 436 2531 30.
460 2469 492 2534 3.

217 2585 290 2664 πρός
311 2585 370 2662 μέν
393 2586 455 2664 γθιρ
481 2585 588 2670 [τοὺς
615 2585 978 2661 Πελοποννησίους
1001 2586 1085 2674 καί]
1109 2587 1180 2660 τοὺς
1201 2589 1298 2652 ἀστυ-

171 2701 316 2779 γείτονας
340 2701 505 2783 παρόμοιος
530 2704 614 2780 ῆμῶν
639 2704 656 2777 ῆ
683 2705 777 2779 σίλκῆ.

215 2820 295 2886 Ibid.
318 2819 353 2885 0.
379 2822 432 2886 90.
456 2823 487 2887 3.

215 2939 324 3003 ἑαυτόν
351 2939 377 3002 δ’
397 2937 538 3004 ε’κέλευεν
570 2939 779 3005 ἀποστέλλειν
810 2943 849 3014 ὑς
872 2940 1020 3022 τσθχιστα
1041 2941 1055 3005 ό
1080 2949 1298 3021 Θεμιστοκλῆς

172 3058 202 3129 ές
227 3056 284 3126 τῆν
309 3057 548 3136 Λακεδαίμονα,
583 3057 699 3131 ἄλλους
729 3059 759 3124 δὲ
783 3061 857 3142 πρός
882 3061 981 3140 ἑαυτῷ
1013 3061 1174 3139 ἑλομένους
1204 3061 1295 3141 πρέσ·

168 3176 238 3254 βεις
270 3178 315 3254 μῆ
342 3176 428 3248 εὑθὺς
453 3176 641 3254 ἐκπέμπειν,
666 3179 743 3246 ἀλλ’
767 3180 911 3260 ἐπισχεῖν
944 3180 1041 3260 μέχρι
1068 3179 1213 3246 τοσούτου
1241 3178 1296 3254 ἕως

170 3293 207 3359 θον
239 3295 274 3359 τό
307 3302 414 3373 τεῖχος
444 3295 587 3359 ἱκανόν
617 3293 729 3376 όιριοσιν
762 3294 841 3361 ὥστε
876 3297 1104 3378 σίπσμσίχεσθαι
1139 3300 1196 3385 [ἐκ
1228 3305 1297 3364 τοὺ

171 3412 515 3491 ὑναγκαιστθτου
542 3411 700 3501 ὕψους]

214 3531 295 3599 Ibid.
320 3536 372 3598 93.
397 3535 427 3597 3.

216 3648 320 3720 ἔπεισε
344 3651 375 3718 δέ
400 3652 452 3718 καί
485 3655 540 3718 τοὺ
567 3655 715 3734 Πειραιῶς
740 3651 784 3717 τθι
810 3651 906 3718 λοιπίι
936 3653 950 3718 ό
978 3661 1196 3733 Θεμιστοκλῆς
1220 3655 1298 3720 οίκο-

169 3769 273 3848 ὑομεῖν
310 3772 457 3856 (ὑπῆρκτο
495 3773 520 3837 δ’
547 3775 643 3837 αὑτοῦ
684 3771 826 3853 πρότερον
862 3771 913 3837 ἐπὶ
948 3779 1004 3846 τῆς
1044 3773 1156 3839 ἐκείνου
1193 3772 1295 3853 ἀρχῆς

172 3884 229 3974 [ῆς
256 3893 341 3955 κατ’
364 3892 548 3957 ἐνιαυτόν
575 3891 809 3967 Ἀθηναίοις
837 3885 969 3978 ἦθξε]).

214 4007 295 4076 Ibid.
319 4009 354 4076 Ο.
379 4012 455 4078 107.
480 4014 511 4078 l.

211 4125 369 4208 Ἤρξαντο
405 4129 438 4195 δὲ
468 4128 554 4196 κατόν
588 4128 658 4201 τοὺς
691 4127 817 4210 χρόνους
849 4128 975 4200 τοθτσυς
1012 4127 1065 4193 καί
1107 4129 1150 4194 τθι
1186 4130 1295 4212 μακροὶ
1347 4150 1348 4153 ’

171 4243 264 4326 τείχη
300 4248 354 4334 [ές
381 4248 617 4336 θσθλασσαν]
652 4249 805 4324 Ἀθηναῖοι
837 4247 1023 4327 οίκοὺομείν,
1058 4248 1096 4313 τό
1127 4272 1163 4313 τε
1190 4256 1296 4324 Φαλη-

171 4359 253 4443 ρθνθε
277 4367 330 4433 καί
354 4368 389 4434 τὸ
414 4371 444 4442 ἐς
468 4373 610 4451 Πειραιῖι.
