3210 5292
202 702 375 767 Absurdum
410 710 488 769 esset
521 705 577 768 hoc
609 711 703 768 sensu
723 706 896 792 Antigonen
926 709 999 773 haec
1025 711 1120 774 sorori
1147 710 1283 778 Ismeuae

157 818 271 900 dicere,
307 843 384 904 quae
404 823 548 887 nondum
586 822 676 888 sciret
706 823 786 888 iham
822 826 854 888 in
891 827 992 891 auimo
1026 827 1134 893 habere
1164 833 1283 917 tyranni

154 939 238 1000 iusso
261 937 424 1020 obsistere,
447 939 552 1024 itaque
571 963 602 1005 se
622 942 716 1027 ipsam
737 947 834 1007 certae
854 949 885 1007 et
903 943 1073 1010 inevitabili
1092 949 1185 1012 morti
1201 949 1282 1016 dare.

198 1055 309 1120 Sensus
342 1057 393 1121 hic
426 1080 490 1123 esse
525 1058 660 1123 videtur:
688 1059 770 1130 haec
799 1059 896 1124 honus
927 1033 1072 1147 tyrannus
1102 1063 1196 1130 Creon
1226 1067 1283 1131 tibi

154 1173 290 1256 mihique
324 1211 367 1225 -
401 1197 450 1240 me
484 1175 582 1260 ipsam
618 1177 699 1241 enim
728 1177 819 1242 ctiam
850 1177 918 1242 dioo
948 1216 991 1231 -
1018 1181 1153 1246 nuntiari
1183 1183 1282 1249 iussit.

153 1291 264 1370 Parum
293 1292 388 1378 igitur
417 1314 465 1357 me
497 1298 602 1374 uorat,
636 1294 689 1376 qui
721 1295 854 1359 crederet
883 1317 930 1360 me
953 1297 1044 1362 officii
1058 1321 1136 1384 erga
1160 1301 1281 1365 fratrem

19 1499 23 1508 .
117 1432 122 1442 ’
153 1408 313 1475 obliturum
337 1434 410 1476 esse.

81 1545 125 1602 44,
184 1527 248 1591 'Ad
277 1529 413 1594 Ismenes
445 1531 548 1596 verba:
587 1526 605 1604 ἦ
641 1533 704 1611 γὰρ
740 1541 814 1604 νοεῖς
844 1532 974 1598 θοὶπτειν
1006 1538 1074 1614 σφ’,
1111 1534 1280 1616 οὶπόρριρτον

152 1645 258 1722 πόλεις
280 1647 426 1712 adscribit
446 1649 629 1714 Scholiastae
651 1651 703 1713 τὸν
725 1652 977 1731 ἀπηγορευμένον
998 1653 1050 1717 κκὶ
1070 1656 1280 1733 κεκωλυμένον
1329 1645 1335 1656 ’

152 1765 209 1829 ὑπὸ
244 1774 298 1840 τῆς
333 1766 451 1839 πόλεως
475 1775 600 1851 τολμρῖς
624 1767 754 1834 θοίπτειν
784 1770 840 1844 σός
876 1770 1043 1852 οὶπόρριρτον
1069 1773 1164 1859 igitur
1186 1775 1279 1840 Scho-

148 1886 236 1950 liasta
259 1887 426 1951 masculino
449 1888 566 1972 aceepit
586 1909 714 1978 'geuerc;
747 1888 797 1952 alii
829 1891 967 1954 neutrius
998 1881 1063 1955 esse
1085 1893 1202 1976 generis
1225 1917 1279 1979 pu-

79 2065 82 2071 ,
149 1982 233 2082 tant,
265 2012 300 2070 ut
330 2005 419 2070 verba
448 2004 618 2085 οὶπόρριρτον
650 2005 740 2071 πόλει
774 2008 973 2094 appositionis
1000 2010 1068 2074 loco
1100 2011 1181 2075 diota
1201 2013 1279 2076 sint.

194 2126 354 2210 Perperam
385 2125 474 2187 πόλει
505 2125 566 2188 vim
596 2124 720 2189 ablativi
752 2126 860 2190 habere
892 2125 1061 2190 Scholiasta
1087 2127 1184 2191 credit
1191 2155 1200 2208 3
1219 2099 1279 2194 ¹est

150 2242 229 2306 enim
254 2242 385 2308 dativus.

150 2481 349 2544 νενοθεῦσθοιι.

192 2597 274 2683 Ergo
297 2597 356 2661 iam
380 2604 450 2662 ante
471 2599 639 2684 Didymum
664 2602 914 2662 commentatores
942 2599 1065 2662 luerunt
1088 2600 1141 2682 qui
1164 2599 1276 2684 Sopho-

148 2717 202 2780 clis
225 2715 343 2780 fabulas
367 2716 471 2780 critice
495 2722 671 2795 tractarent,
697 2738 773 2799 quos
793 2737 837 2779 vs.
862 2718 902 2778 46
928 2724 964 2778 ut
982 2717 1117 2800 spurium
1136 2723 1275 2782 notantes

101 2845 103 2849 ’
147 2833 329 2898 recentiores
354 2826 452 2897 critici
475 2839 651 2916 sequuntur.

63 2979 118 3036 47,
187 2949 241 3014 ’Ὦ
261 2951 401 3030 exertior
423 2951 584 3031 Κρέονποοε
611 2953 650 3022 Αἱ
673 2947 852 3028 οένπιλογίοιι
874 2951 1072 3024 δῆλοιιέῐσιν·
1094 2957 1110 3027 ἡ
1132 2955 1189 3031 μὲν
1211 2959 1273 3036 γόιρ

148 3073 190 3151 τῷ
215 3069 405 3153 προὶγμοιτι,
433 3073 448 3144 ἦ
481 3071 512 3134 δὲ
538 3082 576 3152 τῇ
605 3069 766 3144 οἰκειότητι
789 3070 962 3160 ἀκολουθεῖ.
1022 3106 1025 3114 ·

192 3191 251 3254 Pro
271 3190 490 3270 πράγμκτι
512 3190 704 3256 scribendum
725 3188 977 3268 κιρρύγμοιπι.
1009 3191 1110 3256 Altera
1134 3191 1274 3258 Creontis

148 3310 265 3389 edicto,
288 3309 380 3374 altera
402 3308 656 3394 consanguinitati
681 3307 869 3390 obsequitur.

72 3458 116 3511 43·
192 3428 286 3490 Ἀλλ’
307 3428 389 3492 οὐδὲν
415 3429 498 3507 αὐτῷ
526 3431 585 3490 τῶν
610 3427 711 3500 ἐμῶνε
737 3429 783 3490 Οὐ
810 3427 958 3505 μέτεστιν
985 3429 1068 3507 ororii
1093 3428 1205 3510 εἵργειν
1231 3455 1271 3508 με

145 3548 209 3612 οὶπὸ
246 3549 305 3625 τῶν
340 3549 431 3620 ε’μῶν.
474 3544 517 3609 ’Ἡ
553 3544 658 3616 οὕτως·
685 3547 717 3608 οὐ
753 3545 901 3624 μέτεστιν
936 3548 1020 3627 οιύτῷ
1054 3548 1097 3624 τοι
1133 3549 1271 3627 ἡμέτεροι

143 3665 354 3744 βονλεύμοιτοι
379 3665 524 3745 εἵργειν,
775 3746 777 3750 ,

178 3785 272 3850 sHaec
305 3783 426 3849 Scholia
459 3785 593 3848 diversos
629 3785 763 3868 produnt
796 3788 947 3859 auctores3
983 3783 1083 3866 priora
1112 3786 1192 3850 enim
1216 3789 1270 3870 qui

143 3903 264 3989 scripsit
297 3903 405 3988 legisse
435 3902 557 3966 videtur
585 3903 617 3967 id
648 3901 729 3986 quod
756 3900 947 3976 Brunclius,
979 3901 1120 3965 omuibus
1143 3904 1269 3988 proban·

142 4019 240 4099 tibus,
275 4042 291 4084 e
322 4021 495 4086 coniectura
525 4021 678 4085 restituit:
715 4021 790 4084 ἀλλ’
815 4018 897 4082 οὐδὲν
925 4019 1008 4098 οιύτῷ
1034 4023 1093 4082 τῶν
1123 4020 1201 4097 ἐμῶν
1233 4025 1268 4099 μ’

143 4136 255 4216 εἴργειν
282 4135 377 4215 με’τκ.
425 4140 520 4218 Alter,
544 4140 689 4225 iungens:
715 4139 799 4204 οὐδὲν
825 4143 883 4202 τῶν
915 4139 994 4215 ἐμῶν
1026 4139 1102 4222 (scil.
1136 4130 1267 4216 Sootsoss

142 4257 264 4344 μιέτιον)
292 4257 511 4337 εἴργεινκύτῷ
538 4257 639 4335 με’τοι,
665 4259 844 4344 scripturam
869 4257 1005 4322 omnium
1027 4256 1174 4322 librorum
1198 4264 1268 4323 ante

142 4375 392 4480 oculosvhabuit
418 4377 449 4441 iu
474 4399 534 4461 qua
556 4375 632 4440 illud
653 4379 689 4455 μ’
712 4398 774 4440 non
796 4375 917 4460 legitur.
