3210 5292
697 479 833 542 ll.

191 683 250 746 His
268 683 326 747 iam
348 683 516 747 observatis
536 682 624 746 video
644 681 844 764 οτεραοθχον
859 679 966 760 χθονός
986 701 1048 744 esse
1071 679 1275 743 coniecturam

99 812 101 817 ’
148 799 315 865 Hermanni
339 819 417 882 quae
439 799 534 882 igitur
556 797 671 862 scholio
694 797 930 863 commendatur.

52 898 119 986 Ι698.
192 917 330 993 Φθτενα’
363 916 547 996 αχεθρητονῑ
573 916 649 980 Ὅτι
679 915 859 995 ἀπέσχοντο
886 916 946 979 τῶν
977 915 1086 995 μορίαν
1115 917 1152 984 οἱ,
1171 925 1276 980 Λακε-

146 1035 312 1116 δαιμόνιοι,
351 1035 403 1098 καὶ
441 1033 532 1099 ἄλλοι
576 1037 726 1116 ἱστοροῦσι
764 1035 816 1098 καὶ
855 1032 1042 1113 Φιλόχορος,
1082 1031 1160 1098 ὥστε
1200 1042 1273 1105 ταῖς

147 1155 305 1230 ἀληθείαις
347 1154 508 1234 ἐγχέων
549 1154 649 1225 αὐτοις
692 1151 875 1234 φθβημα
917 1161 1006 1224 τοῖς
1045 1153 1273 1231 πολεμίοις

146 1275 301 1352 γενέσθαι.

189 1393 265 1457 Tota
293 1391 474 1455 scholiastae
498 1391 629 1455 narratio
656 1396 772 1474 spectat
794 1390 833 1454 ad
855 1388 965 1454 verba:
990 1390 1111 1470 ἐγχέοι
1134 1389 1273 1472 φθβηαα

19 1493 23 1500 ’
146 1511 255 1580 δαΐων,
275 1530 352 1592 quae
374 1509 470 1593 igitur
491 1507 643 1572 lemmatis
666 1507 767 1572 locum
791 1507 926 1572 obtinere
949 1508 1107 1575 debebant.

73 1601 75 1606 Ι
190 1627 369 1714 Saepissime
392 1626 530 1691 videmus
554 1626 669 1690 scholia
692 1632 796 1689 nostra
819 1632 850 1689 et
872 1626 1015 1691 lemmata
1036 1649 1098 1691 non
1114 1627 1151 1692 ab
1171 1626 1274 1692 eodem

145 1752 267 1813 auctore
289 1746 423 1832 profecta
447 1767 526 1824 esse,
552 1767 612 1829 qua
636 1744 673 1808 de
695 1766 727 1807 re
750 1744 803 1808 alii
826 1744 922 1808 fusius
945 1752 1080 1830 egerunt.

189 1865 350 1948 Sequitur:
388 1859 628 1941 Λακεδαιμόνιοι
667 1863 729 1943 γὰρ
768 1861 965 1941 ἐμβαλόντες
1006 1866 1036 1928 ἒν
1068 1874 1107 1946 τῇ
1141 1865 1271 1945 Ἀττικῇ

147 1983 271 2066 (scribez
301 1983 343 2055 εἷς
368 1963 424 2056 την
451 1982 627 2066 Ἀττικήν]
646 2019 689 2032 —-
717 1983 897 2062 ἅπέοχοντο
926 1988 985 2046 τῶν
1011 1983 1188 2075 λεγομένων
1218 2006 1273 2062 μο-

145 2102 231 2180 ρίαν,
257 2102 372 2184 Ἀθηνᾷ
397 2101 564 2172 θύσαντες,
593 2103 632 2172 ὡς
659 2100 835 2181 Ἀνδροτίων
854 2101 945 2182 φησί.

159 2293 161 2298 ,
191 2219 293 2303 Digna
316 2218 354 2282 ad
377 2220 462 2284 hunc·
480 2220 580 2284 locum
603 2219 754 2284 Dindorfii
781 2219 955 2299 annotatio,
981 2242 1058 2304 quae
1076 2228 1272 2298 memoretur:

191 2337 305 2419 Ἀθηνᾷ
337 2336 500 2422 θύσαντες]
532 2337 630 2402 Prata
658 2339 804 2403 eorrectio
832 2338 994 2434 (lllmsleii)¹
1022 2339 1187 2425 scripturae
1210 2362 1274 2403 eor·

146 2464 253 2543 ruptae
283 2456 398 2529 ιἰθηναν
431 2457 599 2530 θησαντες,
631 2479 707 2540 quae
737 2469 781 2520 est
808 2457 841 2520 in
864 2445 900 2522 L.
923 2457 1062 2541 apposito
1085 2457 1118 2521 in
1141 2447 1275 2543 margine

147 2576 184 2656 ζτ
208 2576 230 2640 i.
248 2598 274 2640 e.
303 2576 398 2656 ζήτει.
446 2574 556 2639 Sensus
579 2575 713 2660 postulat
736 2574 868 2648 Ἀθηναν
891 2575 1121 2654 ψθρριοδηοαντες
1153 2577 1199 2641 vel
1223 2577 1272 2642 Ἀ.
1374 2611 1376 2616 -

148 2691 361 2766 αἰδεσθέντες,
397 2691 446 2756 vel
475 2691 574 2756 simile
599 2691 684 2774 quid.
730 2690 861 2764 Ἀθηνᾶν
884 2691 1042 2764 δείσαντες
1067 2692 1275 2759 Schneidewin

149 2813 182 2874 in
204 2811 377 2897 Philologo,
403 2810 462 2877 vol.
488 2813 522 2888 5,
548 2833 577 2895 p.
602 2811 677 2873 237.

111 2987 118 3002 ,
193 2931 279 2994 Kotor}
317 2927 490 3011 προσπόλον
522 2927 613 3014 μιοῖς]
645 2934 712 3000 Τῆς
746 2927 940 3006 Ἀντιγόνης·
972 2929 1101 3004 εθληοιτο
1132 2931 1194 3011 γθιρ
1222 2933 1274 2996 ὑπ’

149 3051 244 3113 αὐτοῦ
273 3052 289 3125 η
314 3049 454 3128 Ἰσμήνη.

193 3167 332 3232 Absurde
343 3174 389 3232 est
400 3167 473 3231 baec
486 3165 655 3251 explicatio.
679 3164 751 3229 Nou
764 3165 844 3230 enim
857 3167 972 3231 sciebat
982 3166 1119 3253 Oedipus
1134 3169 1274 3236 Ismenen

149 3309 167 3350 a
197 3285 325 3350 Oreonte
348 3290 533 3371 praereptam
556 3307 637 3364 esse,
662 3305 761 3366 neque
787 3285 912 3370 exponit
934 3285 1049 3366 Creon,
1073 3311 1163 3372 quem
1186 3291 1277 3354 miser

147 3405 206 3470 hoo
221 3405 302 3496 ipso
332 3405 465 3488 tempore
488 3402 624 3488 Oedipus
648 3403 703 3481 sit,
728 3401 779 3467 sed
804 3424 894 3485 quam
921 3404 1099 3491 deplorabili
1123 3413 1202 3472 sorte
1225 3431 1276 3493 per

148 3544 236 3610 omne
266 3529 402 3608 tempus,
424 3527 585 3607 postquam
608 3519 718 3585 Thebis
741 3519 845 3606 pulsus
868 3521 924 3602 sit,
949 3523 1041 3588 luerit
1064 3545 1147 3590 usus.
1195 3525 1277 3589 Dicit

148 3619 246 3705 enim:
280 3640 349 3720 θοῶν
385 3664 420 3705 οε
452 3640 504 3705 τὸν
539 3639 683 3715 δύστηνον
712 3622 787 3704 θντα
815 3641 871 3717 μὲν
900 3639 1002 3717 ξένον,
1032 3643 1081 3706 ἀεὶ
1107 3643 1132 3705 δ’
1154 3644 1275 3717 οὶλθτην

151 3760 229 3824 κατι
258 3758 432 3839 προσπόλον
455 3764 532 3836 μιοῖς
559 3758 705 3838 βιοοτερη
730 3764 903 3839 χωροῦντα.

195 3879 369 3964 Antigonen
400 3878 475 3943 dicit
481 3927 490 3958 ,
520 3877 633 3963 quippe
667 3899 744 3962 quae
774 3899 891 3963 semper
918 3887 1036 3965 patrem
1066 3881 1278 3962 comitaretur,

152 3998 227 4064 dum
249 3998 369 4062 Ismene
392 4018 476 4061 soror
497 3994 607 4060 Thebis
631 4001 705 4062 erat.

37 4146 122 4207 731·
199 4115 356 4202 Τοιαῦτα]
383 4115 470 4179 ’Arri
494 4112 636 4194 χάριτος.

198 4233 284 4300 Falso
307 4235 417 4300 lemma
438 4239 571 4300 τοιαῦτα
598 4234 635 4299 ab
657 4234 809 4320 Elmsleio
827 4237 993 4320 praefixum
1016 4243 1070 4304 est.
1115 4239 1281 4305 Referenda

154 4352 233 4417 enim
263 4353 361 4439 glossa
393 4354 431 4419 ad
454 4355 637 4420 vocabulum
669 4355 773 4429 ἡδονῆς
804 4354 887 4438 quod
917 4354 950 4420 in
981 4357 1170 4440 praecedenti
1192 4380 1280 4423 versu

1153 4479 1171 4537 2
