3250 5292
831 480 873 544 98

277 709 345 753 rum
378 685 543 772 [dicebant]
576 683 651 748 ferre
682 682 817 770 potuisse
848 719 891 734 -·
924 688 1028 748 tantus
1054 683 1159 749 subito
1181 684 1273 750 timor
1295 705 1418 768 omnem

277 803 443 870 exereitum
467 802 644 889 occupavit,
669 805 705 866 nt
726 835 771 854 ··-

321 920 406 987 Tolle
429 920 589 988 molestum
612 915 759 986 ambiema
781 918 928 985 dicebat.

805 1183 893 1248 XVI.

325 1392 373 1460 Id.
398 1392 480 1458 Ibid.
504 1393 531 1459 1.
557 1395 611 1459 40.
639 1394 691 1459 15.

325 1510 462 1577 Caesaris
499 1509 665 1576 orationem
700 1531 762 1596 que
798 1508 911 1576 milites
945 1510 1120 1597 perterritos
1147 1509 1267 1574 incusat
1297 1516 1330 1574 et
1364 1507 1417 1575 ad·

281 1630 438 1710 hortatur,
461 1628 623 1694 absolvunt
647 1627 751 1694 verba:

325 1746 418 1827 Quod
441 1746 467 1811 si
490 1751 644 1832 praeterea
663 1767 751 1811 nemo
772 1750 934 1832 sequatur,
958 1751 1060 1810 tamen
1078 1767 1109 1810 se
1127 1765 1199 1811 oum
1216 1745 1284 1812 sola
1300 1745 1416 1812 decima

280 1862 400 1950 legione
422 1864 555 1944 iturum,
585 1863 622 1928 de
646 1885 708 1948 qua
730 1886 791 1929 non
815 1863 984 1944 dubitaret,
1008 1864 1127 1950 sibique
1149 1887 1215 1930 eam
1237 1865 1417 1952 praetoriam

282 1981 435 2046 cohortem
460 1982 603 2051 futuram.
1242 1971 1245 1978 ⁴

326 2095 448 2178 Quibus
468 2097 564 2163 aliena
585 2120 711 2178 manus,
734 2097 993 2185 interpretationis
1015 2099 1130 2166 seilicet
1151 2122 1256 2181 eausa,
1280 2099 1415 2167 addidit:

327 2216 408 2282 Huic
438 2214 547 2299 tcyicac'
578 2218 687 2282 Coccor
718 2224 749 2282 cc
782 2218 952 2284 indulserat
978 2218 1139 2302 pcccmpac
1167 2227 1197 2285 ct
1214 2227 1335 2304 propter
1357 2220 1417 2286 cir·

283 2341 375 2400 tatem
397 2335 561 2420 confidebat
585 2334 722 2402 metae.

797 2599 905 2670 XVII.

329 2807 376 2873 Id.
400 2807 482 2873 Ibid.
507 2807 546 2872 V.
574 2809 625 2871 14.
652 2811 682 2875 3.

330 2924 496 3011 (Britanni)
527 2924 638 3006 capillo
668 2933 741 2991 auct
765 2925 910 3009 promisco
942 2933 1031 3012 atque
1062 2927 1145 2992 omni
1175 2933 1259 3014 parte
1283 2928 1419 3014 eorporis

285 3068 350 3112 rusa
374 3050 491 3131 praeter
516 3045 621 3131 [cacat
643 3046 688 3130 ct]
713 3044 832 3110 labrum
858 3045 1008 3131 superius.

327 3161 360 3227 si
383 3162 531 3248 promisso
555 3168 627 3227 sunt
649 3162 759 3250 capillo
780 3163 900 3249 quivis,
925 3163 1043 3250 opinor,
1068 3185 1122 3228 sua
1141 3169 1250 3250 sponte
1272 3161 1418 3252 intelligit

283 3305 332 3348 eos
352 3286 444 3368 eaput
463 3302 524 3345 non
541 3279 653 3346 radere.
689 3281 882 3368 Quapropter
900 3279 1027 3348 delenda
1051 3287 1123 3347 sunt
1137 3281 1244 3348 verbu:
1268 3289 1358 3365 caput
1375 3290 1415 3351 ct.

789 3545 914 3614 XVIII.

326 3755 374 3822 Id.
399 3754 479 3820 Ibid.
503 3753 559 3820 VI.
585 3755 642 3820 33.Ι
662 3758 694 3822 4.

326 3873 491 3939 Discedens
508 3880 578 3960 post
595 3874 675 3940 diem
694 3875 856 3961 septimum
872 3896 935 3941 sese
953 3897 1142 3942 reversurum
1155 3873 1313 3966 confirmat
1325 3907 1368 3926 -
1380 3877 1411 3940 5.
1451 3917 1453 3922 ι

283 3992 452 4058 Labienum
463 3991 708 4077 Treboniumque
728 3991 876 4075 bortatur,
898 3993 925 4059 si
943 3993 1126 4081 reipublicae
1142 3992 1300 4059 commodo
1315 3991 1413 4057 facere

281 4109 414 4197 possint,
446 4112 489 4176 cd
508 4132 574 4176 caera¹
595 4110 671 4176 dmm
702 4117 901 4193 revertantur,
931 4119 966 4179 ut
998 4150 1041 4165 -
1071 4111 1154 4179 aliud
1185 4111 1307 4178 initium
1337 4108 1411 4176 belli

283 4251 386 4317 capere
405 4229 534 4316 possint.

327 4347 444 4414 Scribe:
468 4349 511 4414 ad
530 4349 652 4415 cundem
675 4348 751 4414 diem
774 4354 971 4416 revertantur.
