3210 5292
702 478 742 536 ὣ

63 695 126 754 326.
202 683 278 747 αλλ’
302 683 366 746 αἰὲν
392 680 537 745 ὠδίνουσα
561 681 727 759 συμφορᾶς
753 679 848 758 βοὶρος

201 802 377 881 δακρυρροεῖ
398 799 556 873 δύστηνος·

155 919 258 985 Codex
288 921 379 985 habet
411 901 587 998 δακρυρρδοῖ
613 939 680 981 cum
714 915 831 984 duobus
855 914 1042 982 accentibus.
1088 915 1288 982 Scholiastam

95 1023 99 1028 ’
156 1044 258 1103 autem
290 1045 484 1104 annotantem
513 1034 657 1116 ἕδοὶκρυεν
681 1042 803 1121 apparet
826 1034 934 1119 legisse
957 1032 1128 1114 δακρυρρόει
1154 1040 1189 1098 ut
1212 1042 1292 1100 esset

156 1165 278 1244 tempus
300 1157 521 1244 imperfectum.
555 1157 670 1219 Contra
690 1174 831 1239 praesens
850 1157 970 1237 tempus
994 1152 1169 1232 δακρυρροεῖ
1191 1155 1291 1239 requi·

157 1277 243 1342 ritur.
290 1276 370 1340 Item
404 1296 448 1340 vs.
484 1277 546 1340 347
558 1282 567 1355 ‚'
598 1296 635 1338 ex
666 1272 785 1336 duobus
815 1269 991 1335 accentibus
1023 1269 1171 1336 vocabulo
1194 1273 1293 1352 φώνεῖ

157 1391 367 1480 superscriptis
390 1393 520 1478 priorem
544 1392 654 1478 elegit,
683 1397 849 1454 annotans:
874 1389 943 1453 uiuri
969 1393 1041 1464 τοῦ,
1070 1391 1190 1471 ἐφώνει.
1227 1391 1290 1455 Hic

159 1534 279 1597 quoque
300 1525 441 1598 praesens
463 1518 585 1598 tempus
608 1516 708 1590 φανεῖ
729 1507 909 1573 restitutum
935 1515 992 1574 est.

67 1649 129 1706 467.
205 1630 255 1693 Ad
278 1635 382 1715 poetae
406 1629 511 1694 verba:

630 1746 720 1810 atara
746 1749 853 1809 ταῦτα
877 1748 933 1825 μὲν

316 1866 401 1948 ῥεῖτο
426 1868 503 1940 κατ’,
525 1862 625 1948 οὖρον,
651 1864 696 1929 ool
721 1866 747 1930 δ’
772 1865 832 1942 ἐγὼ
857 1863 966 1946 Φραζω
993 1866 1087 1930 κακὸν

314 1987 387 2066 πρὸς
417 1986 515 2050 ἄλλον
542 1980 639 2058 εἶναι,
662 1985 735 2066 πρὸς
760 1984 785 2048 δ’
810 1983 861 2061 ἔμ’
888 1985 1037 2063 ἀψευδεῖν
1061 1983 1131 2058 uisi,

158 2105 347 2190 adscriptum
372 2111 417 2169 est
444 2104 612 2169 scholium:
637 2103 743 2168 Ἀλλὰ
767 2109 873 2167 ταῦτα
894 2105 952 2183 μὲν
980 2104 1067 2184 tetro
1098 2108 1170 2168 κατ’
1194 2101 1290 2187 οὗρονι

159 2222 196 2287 ‘0
221 2223 288 2312 περὶ
313 2223 428 2288 τούτων
452 2223 544 2302 Ιλόγος
572 2221 712 2304 illidito,
733 2222 841 2304 Φησὶν,
869 2224 912 2295 εἷς
937 2224 989 2288 τὸν
1013 2222 1101 2305 οὶέρα.
1149 2223 1292 2311 Sequitur

158 2342 321 2408 scholium:
354 2347 407 2408 οὐκ
443 2344 495 2422 ἐρῶ
530 2344 592 2422 γὰρ
621 2343 663 2423 τῷ
691 2343 858 2424 Ἡρακλεῖ,
893 2344 943 2409 cui
973 2343 1137 2408 Elmsleius
1166 2344 1204 2408 de
1235 2365 1290 2408 suo

163 2463 240 2528 male
262 2455 399 2548 praefixit
425 2463 550 2542 lemma,
580 2464 632 2526 Σοὶ
659 2463 685 2526 δ’
710 2464 770 2541 ἐγὼ
797 2461 916 2546 Φραζα.
965 2461 1011 2525 Ut
1033 2462 1113 2526 enim
1137 2460 1291 2546 quomodo

159 2583 218 2646 hoc
241 2580 390 2645 scholium
415 2581 576 2645 verborum
605 2579 651 2645 σοὶ
674 2582 700 2644 δ’
718 2581 778 2657 ἐγὼ
803 2579 911 2662 φράζω
941 2603 970 2642 κ.
985 2603 1016 2642 τ.
1030 2579 1055 2642 ἕ.
1082 2577 1290 2663 interpretatio

160 2722 224 2764 esse
241 2698 337 2786 possit
360 2697 491 2784 perspici
515 2699 640 2782 nequit,
665 2699 709 2763 ita
733 2699 765 2762 id
789 2721 858 2763 cum
879 2696 1128 2762 antecedentibus
1143 2695 1291 2760 artissime

161 2818 316 2882 cohaerere
339 2817 533 2903 perspicuum
555 2821 620 2896 est,
644 2824 680 2882 ut
702 2840 764 2882 uno
787 2823 891 2882 tenore
915 2813 1107 2880 scribendum
1131 2815 1190 2882 sit:

205 2935 311 3000 'Arata
338 2958 445 2998 ταντα
470 2934 527 3012 μὲν
559 2935 645 3015 ρείτω
673 2960 735 3000 κατ
773 2932 873 3016 οὗροντ
899 2935 936 2999 0
966 2934 1034 3015 περὶ
1059 2932 1173 2999 τούτων
1197 2931 1291 3014 λόγος

161 3052 302 3132 aalma
330 3053 445 3134 Φνσὶν,
470 3054 556 3124 sira
558 3053 589 3117 lv
616 3054 704 3135 οὶὲρα·
730 3057 784 3120 οὐκ
811 3056 863 3135 ἐρῶ
888 3055 951 3135 γαρ
976 3079 1018 3134 τερ
1040 3056 1201 3134 Ἡρακλεῖ.
1258 3143 1259 3146 ¹

67 3196 132 3253 473
206 3173 407 3257 Ἀρνώμονα]
435 3173 612 3240 ’Λνύνετοα
658 3175 691 3240 si
722 3174 822 3259 glossa
848 3180 929 3238 recte
951 3172 1113 3252 sehabet,
1136 3194 1236 3256 neque
1259 3172 1292 3236 in

161 3290 301 3355 ἀσύνετα
335 3296 381 3355 est
409 3291 571 3372 mutanda,
604 3291 629 3355 is
661 3289 714 3377 qui
744 3313 809 3356 eam
839 3291 999 3376 adscripsit
1021 3289 1182 3355 manifesto
1204 3311 1291 3354 voca·

160 3408 266 3474 bulum
294 3409 462 3489 ἀγνώμονα
491 3409 638 3475 feminino
669 3431 777 3495 genere
809 3408 941 3495 accepit:
972 3409 1040 3473 ἐπεί
1071 3433 1106 3472 σε
1144 3407 1289 3486 μανθάνω

161 3528 268 3603 θνητὴν
291 3532 463 3609 φρονοῦσαν
492 3527 606 3605 θνητοὶ,
633 3530 707 3596 κούκ
730 3529 915 3607 ἀγνώμονα,
935 3527 1049 3594 scilicet
1065 3523 1176 3610 οὖσαν,
1192 3549 1291 3614 neque

161 3646 320 3712 immitis
311 3647 427 3734 1ngenii
449 3671 522 3714 esse.
568 3647 646 3712 (turn
670 3647 753 3728 aliis,
789 3647 842 3732 qui
868 3647 1036 3726 αγνῶμονα
1058 3654 1164 3756 neutro
1183 3668 1292 3733 genere

162 3766 377 3852 accipiuntet
407 3789 476 3833 oum
506 3766 600 3842 θνννοὶ
632 3767 842 3853 coniungunt,
870 3774 907 3831 ut
937 3788 1042 3831 sensus
1066 3750 1123 3832 sit:
1148 3765 1290 3850 quoniam

160 3892 191 3950 te
213 3890 249 3950 ut
270 3886 422 3952 hominem
445 3887 631 3952 humanat
599 3891 692 3971 atque
714 3884 921 3972 indulgentiae
943 3861 1033 3972 plena
1053 3884 1163 3951 sentire
1184 3884 1290 3961 video,

161 4003 237 4070 facit
259 4005 359 4091 glossa
381 4028 398 4070 e
420 4005 543 4070 scholiis
565 4004 799 4070 recentioribus:
823 4003 1022 4092 Ἀγνώμονα]
1048 4003 1215 4069 'leolam

69 4150 133 4212 490·
209 4123 259 4188 Ad
290 4123 449 4189 Deianirae
482 4123 587 4189 verba:
621 4123 697 4188 ἀλλ’
721 4119 776 4188 ὦδε
807 4123 859 4189 καὶ
887 4127 1057 4206 Φρονοῦμεν
1081 4122 1160 4189 ὥστε
1184 4129 1290 4190 ταῦτα

163 4241 255 4330 δροῖν,
281 4242 371 4309 breve
388 4249 485 4308 exstat
501 4243 668 4308 scholium:
686 4234 816 4325 Ὥσπερ
839 4243 1019 4325 προείρηκα,
1040 4248 1147 4309 ταῦτα
1163 4245 1290 4320 ποιήσω.

164 4360 273 4446 quibus
304 4361 466 4426 scholiasta
497 4361 619 4448 exponit
649 4360 731 4445 quod
753 4362 895 4428 Deianira
918 4363 1035 4428 dixerat
1057 4386 1104 4446 se,
1129 4369 1290 4449 postquam
