3250 5292
727 487 764 551 77

230 697 376 771 Οῖκεῖοοςε
409 697 472 772 ἦτοι
509 697 568 768 τοῖς
602 692 814 773 ουγγενικοῖς,
842 692 859 766 ἢ
886 693 949 758 derb
975 697 1029 758 οοῖι
1056 692 1225 772 ἐσομένης,
1252 693 1303 758 νοοῖ

185 818 237 881 οὐκ
267 814 459 898 ἀλλαχόθεν.
506 815 614 881 Postea
643 835 731 895 vero,
759 811 864 878 addito
888 809 943 890 δέ,
967 833 1036 876 cum
1060 812 1306 879 antecedentibus

186 937 263 1003 male
286 937 317 1001 in
341 958 436 1002 unum
459 934 619 1000 coniuncta
641 937 722 998 sunt.

229 1056 322 1122 Porro
344 1054 513 1120 notandum
535 1059 581 1117 est
597 1051 723 1116 duarum
742 1049 880 1116 vocabuli
896 1048 1009 1122 οῖκεῖοις
1026 1049 1306 1137 interpretationum

186 1175 379 1264 posteriorem
410 1173 501 1239 unice
532 1193 629 1236 veram
659 1192 732 1236 esse.
778 1169 887 1234 Sensus
909 1169 989 1234 enim
1012 1175 1074 1235 est:
1099 1169 1304 1250 calamitates,
1377 1155 1379 1160 ¹

187 1317 313 1381 quarum
335 1299 371 1358 tu
392 1293 458 1378 ipsa
480 1286 569 1356 causa
592 1311 637 1370 es,
661 1310 736 1375 quas
758 1290 824 1375 ipsa
846 1287 905 1352 tibi
928 1288 1070 1355 attulisti.

93 1431 157 1488 226.
230 1414 299 1478 Τίνι
326 1411 388 1491 γοῖρ
417 1413 487 1476 ποτ’
514 1405 534 1474 ὦ
560 1408 671 1492 φιλίοις
697 1408 788 1489 Ποιροδ
811 1406 890 1480 νῖνος
916 1408 979 1489 γὰρ
1003 1406 1042 1473 clv
1064 1408 1238 1488 οῖκούοομοιι
1262 1410 1304 1474 τοὶ

186 1534 404 1616 ουμΦέροντοι,
432 1531 449 1606 ἢ
479 1532 553 1610 παρ’
579 1530 662 1608 ὑμῶν
690 1533 749 1593 τῶν
775 1526 916 1594 ουνοῖκοον
942 1552 972 1594 κ.
989 1553 1019 1594 ν.
1036 1529 1060 1594 ἓ.

231 1657 295 1720 Aut
318 1653 365 1718 διν
389 1673 459 1716 cum
481 1650 521 1716 G.
544 1647 745 1714 omittendum
771 1654 833 1729 est,
857 1654 909 1713 aut
927 1648 1118 1715 scribendum
1137 1648 1181 1714 ῖιν
1199 1649 1304 1714 οὶκού·

102 1771 107 1778 ’
187 1796 322 1851 σοοιμι.

49 1903 112 1959 240.
133 1904 157 1960 ⁵.
231 1893 312 1972 μήτε
343 1885 392 1955 οὖν
426 1888 506 1963 abab
536 1888 698 1968 γενοίμην,
727 1890 808 1966 μήτε
838 1890 864 1954 sl
888 1890 901 1952 ὃ
926 1889 1067 1968 ξυνοικῶν
1091 1915 1142 1968 μοι
1170 1896 1302 1964 τοιοῦτος

187 2013 250 2095 εῖη,
275 2011 396 2094 ζηλοῖην
421 2011 464 2075 τοὶ
490 2009 613 2074 ἐκεῖνον.

230 2131 314 2213 Quid
337 2133 426 2198 verba
447 2132 529 2210 μήτε
555 2125 605 2196 οὖν
627 2132 707 2205 edcta
731 2130 875 2211 γενοίμην
899 2130 1085 2217 significent,
1110 2154 1171 2197 uon
1193 2132 1291 2200 video

229 2252 427 2318 Scribendum
452 2251 583 2318 videtur:
606 2253 687 2332 μήτε
710 2247 760 2319 οὖν
782 2251 862 2324 αὕτη
884 2250 1061 2326 νοιοιύνη
1087 2251 1244 2330 γενοίμην,
1269 2259 1304 2318 ut

185 2372 218 2437 in
240 2372 447 2458 sequentibus:
471 2373 553 2452 μήτε
577 2375 602 2438 sl
626 2373 640 2436 t
664 2373 804 2452 ξυνοικῶν
831 2397 881 2451 μοι
911 2377 1105 2445 τοιοῦτος
1134 2372 1190 2449 εἵη.

93 2501 156 2556 338.
229 2491 356 2578 Legitur
384 2492 422 2557 ad
450 2493 531 2558 huno
560 2515 676 2558 versum
705 2492 869 2573 scholium,
898 2493 961 2558 siue
983 2493 1136 2560 lemmate:
1160 2496 1198 2558 Ὀ
1224 2497 1302 2568 νοῦς·

185 2612 217 2676 ri
250 2610 363 2695 ὄφελος
401 2619 456 2684 τῆς
494 2609 702 2693 δικοιιοσιῖνης,
738 2610 766 2676 sl
799 2635 846 2684 τις
883 2609 933 2676 διοὶ
963 2611 1082 2688 νοούνην
1108 2620 1171 2685 τοῖς
1199 2613 1302 2684 δεινοῖς

185 2732 351 2815 περιπὲοης
389 2730 551 2796 Manifesto
586 2737 685 2796 tamen
715 2731 845 2817 pertinet
875 2730 913 2797 ad
944 2731 1031 2797 rerba
1061 2732 1217 2817 sequentia
1245 2733 1303 2817 (rs.

186 2855 249 2922 389
272 2858 303 2917 et
327 2853 421 2937 340):

646 2971 671 3035 εῖ
695 2970 721 3036 δ’
747 2968 905 3051 ἐλευθέραν
931 2995 972 3048 με
1002 2971 1052 3036 δεῖ

351 3090 423 3173 ζῆν,
450 3096 509 3154 νεῖν
535 3089 724 3171 κροτούντων
752 3090 819 3155 εὀνῖ
846 3088 941 3155 πάντ’
964 3090 1132 3156 οῖκουονέοι.

92 3220 157 3275 369.
230 3215 291 3284 Ὡς
326 3219 390 3282 τοῖς
425 3207 528 3287 λόγοις
561 3207 677 3274 ἔνεστιν
711 3211 832 3290 οῖμφοῖν
865 3207 979 3296 κέρδος]
1015 3211 1052 3274 El
1085 3210 1301 3291 ονγκεροῖοητε

185 3332 254 3402 τοὺς
281 3328 427 3411 τρόπους,
457 3325 489 3395 εὗ
516 3327 553 3408 dcv
579 3327 659 3410 ἔχοι·

228 3450 309 3515 Male
347 3448 511 3514 Elmsleius
552 3448 674 3514 scribit:
708 3446 942 3528 ουγκεροῖσητε,
980 3456 1125 3515 annotans
1159 3449 1301 3517 (lodicem

183 3569 291 3636 habere
321 3566 576 3649 ονγκεροῖοητοιι,
610 3568 692 3653 quod
720 3566 828 3632 Editor
853 3567 1006 3634 Romanus
1029 3574 1060 3633 et
1081 3556 1218 3636 Bmuclr.¹
1239 3594 1303 3636 mu-

183 3688 339 3754 tornutio
364 3688 589 3769 ουγκεροῖοενε.

227 3807 304 3874 Cum
326 3809 437 3875 Codice
459 3808 498 3875 G.
523 3807 730 3874 scribendum:
754 3807 996 3890 ονγκεροῖσοιιτε.

44 3948 109 4004 384.
128 3945 156 4000 4.
228 3927 412 3994 Scholiastae
431 3929 616 3995 observatio:
638 3927 780 4011 Ἀρμῖζει
800 3928 873 3995 alcu
892 3931 927 3995 νδ
951 3929 1108 4012 πρόσωπον
1129 3932 1300 4015 Ἠλέκτραις

183 4060 222 4134 τῇ
249 4047 411 4132 Ἀνειγῖνη
434 4049 467 4114 in
488 4056 626 4115 nostrum
648 4049 748 4116 locum
770 4074 831 4116 non
851 4051 989 4136 quadrat.
1012 4051 1132 4118 Electra
1146 4053 1225 4119 enim
1240 4077 1301 4121 non

181 4170 328 4257 loquitur,
345 4153 397 4235 sed
411 4191 495 4237 soror
505 4170 742 4257 Chrysothemis.
766 4170 820 4236 Est
834 4169 932 4257 igitur
946 4171 1097 4237 scholium
1113 4171 1301 4238 referendum

182 4292 220 4357 ad
248 4311 344 4357 unum
373 4289 538 4356 alterumve
568 4290 759 4377 sequentium
791 4311 948 4371 versuum,
976 4288 1008 4354 in
1032 4289 1143 4374 quibus
1165 4290 1301 4358 Electrae

182 4409 347 4476 indomitus
369 4414 399 4476 at
421 4407 618 4496 implacabilis
640 4408 758 4476 animus
781 4411 914 4491 eluceat,
939 4432 965 4476 e.
989 4433 1019 4496 g.
1042 4409 1079 4475 ad
1100 4433 1146 4490 ys.
1170 4412 1245 4480 887.
