3210 5292
351 721 481 808 legitur,
507 741 568 804 quo
590 721 651 786 iam
674 721 742 806 ipsa
759 719 897 806 genetivi
920 720 1050 800 χάριτος
1074 721 1171 788 forma
1193 743 1248 786 nos
1271 722 1366 789 duoit.
1397 723 1473 804 Qua·

351 846 476 927 propter
497 838 690 904 scribendum
712 844 792 904 erat:

396 957 536 1045 Ἡδονῆς]
560 955 647 1022 'Auri
675 961 748 1032 τοῦ,
776 955 918 1038 χάριτος.

235 1073 322 1166 ἐπ,
396 1075 507 1164 Πόλει]
545 1083 628 1150 Ταῖς
668 1066 808 1153 Θήβαις.
855 1072 966 1155 Reate,
1002 1097 1099 1161 neque
1130 1093 1199 1141 oum
1232 1067 1291 1142 Ed.
1325 1075 1413 1140 Rom.
1447 1082 1475 1139 et

351 1183 507 1261 Biuneiri'o
530 1194 737 1260 scribendum:
760 1195 832 1265 aute
860 1194 1003 1268 'Addume
1023 1191 1171 1269 δηλονότι.
1198 1189 1367 1259 Confirmtt
1382 1189 1475 1278 igitur

351 1313 518 1379 Scholiasta
546 1313 747 1378 recentiorum
779 1311 928 1377 editorum
961 1311 1166 1392 coniecturas,
1195 1313 1249 1395 qui
1276 1312 1358 1376 huno
1381 1311 1412 1375 et
1432 1331 1474 1374 se·

351 1437 478 1516 quentes
515 1450 620 1497 versus
659 1423 748 1495 aliter
785 1429 972 1494 distribuunt
1009 1435 1100 1513 atque
1134 1430 1167 1494 in
1199 1429 1287 1494 libris
1318 1429 1474 1514 reperitur.

351 1548 455 1630 Quum
485 1549 566 1614 enim
592 1547 666 1614 iibri
689 1549 771 1612 buno
794 1564 914 1614 versum
937 1546 1056 1634 Oedipo
1078 1547 1261 1626 attribuant,
1284 1546 1475 1612 manifestum

349 1670 451 1732 temen
474 1669 520 1732 est
543 1665 650 1744 rerba:
675 1665 765 1732 trdtst
791 1665 894 1746 μάχει
922 1665 995 1748 γὰρ,
1018 1665 1046 1730 εἴ
1067 1688 1097 1730 τι
1122 1664 1288 1738 annuisses
1313 1661 1369 1742 uae
1396 1662 1474 1748 (alim

350 1793 458 1865 μαχεῖ
488 1823 531 1834 -
560 1775 733 1870 'bauandei
767 1802 788 1851 'a
816 1784 945 1850 Creonte
975 1781 1056 1850 dioto
1086 1799 1167 1864 esso,
1196 1783 1290 1868 idque
1315 1781 1475 1847 scholium

350 1903 518 1970 confirmat.

394 2017 499 2102 Idem,
524 2028 706 2107 quamquam
730 2018 879 2086 diversam
903 2021 942 2086 ob
965 2039 1101 2103 oausam,
1123 2021 1242 2087 tantum
1261 2027 1306 2087 est
1325 2022 1358 2087 in
1376 2023 1476 2109 glossa

349 2138 388 2204 ad
413 2161 455 2205 vs.

259 2288 320 2345 353⁸
394 2253 560 2342 Postquam
583 2253 681 2322 (beon
699 2253 815 2343 'Oedipi
837 2257 915 2322 filias
937 2257 1020 2343 abigi
1039 2257 1147 2337 iussit,
1168 2255 1288 2322 ‘Chorus
1306 2258 1475 2342 profecturo

348 2374 378 2438 ei
400 2379 509 2442 manus
531 2375 634 2440 intest.
680 2372 759 2442 idm
782 2373 920 2442 Creon:¹

524 2487 576 2558 aa)
606 2487 711 2577 μἐἴζον
737 2489 799 2576 ripa
826 2495 923 2576 ῥύσιον
951 2493 1038 2559 πόλει
1062 2493 1155 2574 τάχα

525 2612 639 2687 θήσεις·
667 2612 838 2694 'dubietatum
868 2615 930 2694 γὰρ
962 2616 994 2678 οὐ
1023 2613 1157 2677 roduam
1184 2611 1303 2689 μόναιν.

347 2727 368 2795 i.
381 2750 408 2793 e.
428 2729 491 2794 nisi
514 2733 665 2816 proficisci
689 2753 736 2798 me
760 2733 876 2811 sinitis,
893 2733 992 2797 mains
1006 2733 1098 2796 btia'm
1113 2729 1330 2817 redemptionis
1344 2730 1476 2815 pretium

347 2844 418 2909 urbi
440 2853 557 2912 vestrae
579 2849 741 2934 imponetis
748 2877 757 2928 ;
782 2873 850 2914 nam
874 2856 989 2935 praeter
1011 2849 1086 2913 filias
1103 2856 1223 2934 ‘patrem
1240 2861 1360 2931 qnoque
1375 2848 1475 2934 ἰῬὲυιι]

348 2962 480 3051 abigam.

392 3080 491 3148 Oneon
513 3087 594 3150 enim
617 3086 683 3151 iure
705 3108 759 3150 sno
784 3086 935 3172 Oedipum
959 3087 1083 3170 eiusque
1106 3085 1183 3148 filius
1204 3105 1234 3149 se
1250 3083 1307 3148 sibi
1324 3083 1476 3146 vindicare

348 3206 448 3288 putat.
495 3203 528 3267 Si
559 3203 656 3288 igitur
685 3195 885 3270 Athenienses
915 3226 966 3270 eos
996 3224 1170 3290 recuperare
1188 3202 1316 3282 volunt,
1336 3201 1476 3286 'redemp-

349 3319 442 3385 tionis
476 3321 609 3407 pretinm
642 3321 793 3388 Thebtnis
827 3321 942 3388 solvere
972 3322 1083 3388 debent
1111 3327 1141 3386 et
1171 3319 1301 3386 Creonte
1320 3317 1476 3404 Oedipum

349 3459 471 3526 qnoque
494 3445 596 3504 seeum
614 3439 774 3528 abigente,
795 3441 892 3506 maius
916 3441 951 3506 fit
971 3439 1209 3507 Atheniensibus
1233 3437 1477 3504 redimendorum

349 3559 538 3644 captivorum
561 3559 703 3646 pretinm.
1068 3627 1070 3632 .

329 3691 332 3699 '
394 3675 542 3757 Quamvis
585 3677 680 3764 igitur
715 3677 855 3765 pro'olive
897 3678 938 3742 sit
978 3676 1070 3742 verba
1109 3678 1213 3759 μεῖζον
1251 3676 1349 3757 ῥύσιον
1384 3674 1475 3740 πόλει

349 3795 450 3870 θήσεις
473 3794 518 3860 ita
539 3797 747 3884 interpretari:
771 3797 868 3862 maius
883 3794 1051 3861 redimendi
1072 3795 1201 3881 pretium
1222 3793 1385 3880 imponetis
1407 3793 1478 3860 urbi
1564 3823 1565 3826 ¹

348 3917 465 3978 vestrae
489 3909 660 4002 (Athenis),
685 3923 786 3980 tamen
801 3936 847 3979 eo
870 3930 992 3998 quoque
1009 3927 1106 3978 'sensu
1135 3912 1233 3999 accipi
1263 3917 1409 4000 possunt,
1441 3918 1479 3977 ut

349 4029 538 4116 significent:
563 4034 662 4103 maius
684 4033 816 4121 pretium
839 4031 961 4096 solvetis
983 4030 1053 4096 urbi
1074 4049 1157 4096 meae
1180 4027 1325 4116 (Thebis).

392 4147 482 4213 Hane
504 4145 782 4233 interpretationem
805 4148 927 4208 secutus
951 4148 998 4206 est
1019 4142 1203 4221 Scholiasta,
1234 4141 1273 4206 ad
1295 4142 1478 4207 vocabulum

347 4263 437 4331 πόλει
469 4263 640 4331 adscribens
668 4262 909 4339 rotunditate,
940 4282 1038 4345 neque
1068 4281 1144 4345 opus
1174 4267 1220 4325 est
1250 4281 1319 4324 oum
1349 4259 1479 4326 Editore
1563 4303 1564 4344 ss

346 4385 485 4450 Romano
508 4389 539 4447 et
561 4381 715 4446 Brunokio
738 4381 919 4446 substituere
947 4388 1017 4450 rote
1044 4377 1197 4451 Ἀθήναις.
