3250 5292
835 542 896 604 loo

297 749 450 836 extemplo
476 747 509 813 in
532 768 623 813 navas
643 745 823 832 impositum
845 745 1021 811 Ariminum
1044 745 1121 810 mari
1145 766 1254 831 supero
1278 745 1363 811 misit
1388 783 1427 794 —

298 869 364 955 ipse
383 865 559 952 compositis
576 864 698 931 Siciliae
715 863 805 940 rebus
824 863 927 930 decem
945 862 1074 928 navibus
1094 884 1177 927 oram
1198 862 1306 929 Italiae
1325 863 1427 950 legens

299 985 472 1052 Ariminum
495 983 643 1070 pervenit:
1152 990 1155 998 '

343 1102 446 1188 Magis
468 1100 615 1188 placeret:
635 1100 803 1166 exercitum
827 1099 902 1165 mari
924 1120 1028 1183 supero
1047 1100 1217 1182 praemisit.
1334 1135 1338 1146 ·

804 1274 931 1342 XXIII.

345 1426 393 1492 Id.
416 1426 485 1493 Lib.
508 1425 664 1490 XXXIX.
689 1426 719 1492 5.
745 1429 775 1492 5.

344 1546 391 1612 Ti.
422 1544 577 1611 Gracchus
597 1542 667 1609 trib.
679 1541 759 1629 pleb.
779 1541 812 1606 in
835 1541 973 1606 oratione
989 1540 1028 1606 ad
1044 1540 1090 1606 M.
1110 1540 1261 1607 Aburium
1281 1542 1430 1627 collegam

300 1686 403 1730 suum:

344 1802 382 1846 ne
408 1781 466 1846 hoc
489 1779 613 1864 quidem
635 1799 757 1844 cernere
780 1799 867 1856 eum,
891 1776 956 1842 foro
973 1783 1008 1841 ut
1026 1757 1185 1842 memoriae
1203 1800 1238 1843 ac
1259 1781 1431 1865 posteritati

300 1898 458 1965 mandetur
488 1897 622 1964 eiusdem
651 1895 772 1982 collegii
800 1895 929 1960 alterum
959 1896 990 1980 [e
1021 1897 1133 1962 duodus
1164 1898 1292 1964 tribunis
1318 1900 1428 1984 plebia]

299 2039 369 2083 suas
400 2015 578 2082 inimicitias
608 2014 758 2081 remisisse
781 2012 983 2100 reipublicae,
1006 2013 1133 2078 alterum
1156 2013 1270 2080 alienas
1292 2023 1322 2082 et
1345 2039 1428 2082 man·

300 2135 385 2200 datas
407 2133 588 2200 exercuisse.

345 2251 478 2317 Dalanda
500 2255 572 2316 sunt
595 2249 703 2315 verba:
727 2271 743 2314 e
766 2250 878 2314 duchac
901 2249 1029 2314 tribunis
1052 2250 1157 2331 plebia.

806 2457 926 2523 XXIV.

342 2607 391 2673 Id.
415 2606 483 2672 Lib.
507 2606 605 2674 XLV.
630 2609 683 2674 38.
707 2607 728 2673 f.

343 2726 477 2791 militum
507 2724 630 2811 quidem
660 2724 782 2811 propria
812 2732 859 2789 est
890 2746 995 2803 causa,
1027 2724 1080 2811 qni
1112 2731 1143 2788 et
1167 2725 1225 2811 ipsi
1248 2725 1373 2792 laureati
1396 2734 1428 2794 et

300 2843 441 2926 quisque.
458 2842 546 2907 donis
576 2843 689 2928 quibus
717 2844 821 2909 donati
844 2850 917 2908 sunt
939 2843 1074 2931 insignes
1096 2844 1284 2931 triumphum
1307 2844 1430 2909 nomine

299 2959 403 3039 cient,·
429 2979 558 3044 suasque
589 2965 620 3025 et
650 2959 841 3046 imperatoris
870 2961 973 3026 laudes
1005 2968 1145 3027 canentes
1174 2983 1228 3047 per
1256 2961 1360 3027 urbem
1384 2961 1430 3026 in·

298 3077 419 3146 cedunt.
1091 3151 1098 3158 .

340 3194 400 3260 Pro
422 3195 502 3260 cient
523 3193 699 3286 Madvigius
721 3194 879 3280 legendum
902 3198 1047 3283 proponit
1069 3199 1187 3265 cuntes.

340 3311 420 3376 Mihi
455 3312 578 3396 quidem
613 3312 660 3377 vis
690 3311 849 3378 verborum
887 3313 1049 3380 admodum
1085 3315 1187 3402 angeri
1221 3316 1358 3397 videtur,
1400 3319 1427 3381 si

298 3431 425 3516 legitur:
449 3430 630 3516 trumphum
654 3431 718 3515 (auo
741 3433 866 3517 quoquc)
891 3432 1131 3499 nomineoient.

341 3547 441 3613 Verba
470 3547 584 3612 inserta
613 3547 748 3613 excidere
778 3555 942 3633 potuerunt
973 3555 1094 3636 proptor
1124 3551 1355 3618 similitudinem
1383 3575 1430 3618 se·

298 3665 419 3749 quentis
442 3663 580 3730 vocabuli
603 3686 741 3752 suusque.

816 3875 918 3939 XXV.

343 4049 455 4115 Seneca
481 4051 518 4116 de
543 4050 709 4117 Clementia
731 4052 800 4119 Lib.
824 4053 868 4118 II.
885 4052 926 4140 ¹0.
952 4060 982 4119 6.
1006 4056 1028 4121 l.

342 4167 551 4234 Misericordia
573 4169 681 4234 vitium
709 4176 756 4234 est
785 4171 954 4236 animorum
983 4172 1075 4238 nimis
1099 4176 1216 4239 miseric
1239 4177 1425 4261 paventium.

342 4286 462 4353 Scribe:
486 4287 578 4352 nimis
603 4289 750 4353 miserium
773 4290 962 4374 paventium.
