3210 5292
15 411 18 456 l

15 555 20 612 l

74 688 136 743 321.
167 759 172 770 .
209 675 257 738 En
280 696 393 739 novum
409 674 578 759 exemplum
592 693 746 758 perversae
758 672 1027 759 interpretationis.
1053 676 1122 740 Hoc
1133 678 1213 742 enim
1226 679 1294 742 vult

165 800 270 878 poeta:
300 793 467 875 Postquam
498 791 596 855 Creon
627 790 746 854 custodi
778 791 987 875 garrulitatem
1018 793 1144 875 obiecit,
1176 795 1227 860 ille
1250 819 1294 860 re-

165 908 311 997 spondet:
336 907 439 972 οὔκουν
462 906 498 971 τό
520 909 554 985 γ’
582 906 669 987 ἔργον
696 913 787 971 τοῦτο
814 908 946 982 ποιήσας
976 910 1070 991 ποτέ,
1095 912 1177 995 quod
1200 913 1294 997 signi·

163 1029 251 1092 licat:
283 1025 327 1089 Ut
354 1027 411 1090 sim
438 1027 564 1111 loquax,
591 1027 657 1090 hoo·
672 1024 790 1091 lacinus
816 1025 991 1110 (sepeliendi
1014 1027 1167 1113 Polynicis
1190 1033 1295 1093 contra

164 1144 299 1208 edictum
324 1144 425 1237 tuum)
440 1144 555 1208 saltem
579 1165 640 1208 non
663 1143 810 1207 commisi.

208 1263 321 1327 Contra
350 1261 519 1327 Scholiasta
548 1261 582 1326 τὸ
613 1260 700 1342 ἔργον
729 1265 819 1325 τοῦτο
849 1261 887 1324 ad
910 1262 1089 1328 antecedens
1112 1264 1292 1332 vocabulum

164 1377 300 1454 λάλημα
319 1379 465 1458 referens,
490 1379 683 1464 explicando:
708 1380 853 1444 οὐδέποτε
875 1379 1075 1460 ἐφλυόρησα,
1098 1403 1216 1446 omnem
1230 1383 1292 1446 vim

163 1498 308 1563 orationis
327 1497 453 1562 sustulit
470 1503 500 1561 et
521 1498 679 1563 verborum
699 1519 810 1562 nexum
825 1498 1047 1584 pessumdedit,
1071 1500 1152 1582 quod
1165 1500 1293 1584 quisque

164 1605 294 1697 videbit,
328 1618 382 1701 qui
414 1616 572 1701 sequentia
601 1614 740 1680 Creontis
772 1615 862 1680 verba
894 1615 1017 1700 legerit:
1043 1617 1096 1680 καὶ
1123 1621 1215 1682 ταῦτ’
1244 1621 1293 1683 ἔντ’

163 1736 286 1816 ἀργύρῳ
312 1760 352 1812 γε
371 1735 426 1809 την
453 1735 560 1815 ψυχὴν
589 1733 713 1813 προδούς
744 1734 765 1800 i.
786 1753 829 1800 e.:
868 1732 966 1798 Immo
995 1735 1174 1799 commisisti
1204 1743 1295 1822 atque
1397 1721 1399 1727 ⁵

165 1856 222 1918 hoc
245 1855 346 1918 animo
369 1854 451 1918 lucro
475 1853 610 1919 vendito.

208 1972 366 2037 Praeterea
395 1973 451 2036 hoc
476 1972 655 2036 notandum.
701 1969 924 2035 Grammaticus
948 1971 1003 2055 qui
1025 1970 1064 2035 ad
1087 1995 1131 2040 vs.
1155 1975 1217 2037 321
1243 1975 1295 2039 ad·

164 2092 300 2158 notavit:
336 2085 480 2155 οὐδέποτε
508 2088 713 2172 ε’φλυάρησα,
743 2109 805 2152 non
833 2094 934 2173 potest
967 2087 1046 2152 idem
1073 2110 1153 2171 esse,
1178 2092 1233 2175 qui
1256 2093 1295 2157 ad
1395 2116 1397 2120 ¹

165 2210 390 2274 antecedentem
413 2231 533 2274 versum
556 2210 590 2272 τὸ
608 2206 802 2288 περίτριμμα
818 2214 874 2279 τῆς
890 2208 1025 2286 coapta,
1044 2203 1103 2272 οἷον
1119 2215 1293 2291 πανοῦργος

166 2329 334 2414 adscripsit.
381 2329 474 2393 Hunc
496 2327 576 2392 enim
600 2326 733 2406 ἀλημα,
757 2326 844 2390 illum
867 2324 1002 2404 λάλημα
1025 2326 1132 2412 legisse
1155 2330 1294 2394 manifes-

166 2454 233 2512 tum
257 2454 311 2510 est.

210 2565 348 2650 Denique
371 2567 461 2630 etiam
485 2564 552 2630 hoc.
596 2563 628 2627 Si
650 2564 683 2627 in
705 2560 826 2626 Scholia
850 2562 888 2626 ad
906 2584 952 2627 vs.
971 2563 1035 2626 320
1055 2562 1162 2628 lemma
1181 2564 1294 2650 legitur

165 2682 317 2764 λάλημα,
350 2706 443 2768 quum
472 2681 701 2769 grammaticum
732 2677 846 2756 ἀλημα
869 2679 976 2766 legisse
1000 2703 1038 2744 ex
1061 2680 1126 2744 eins
1150 2681 1294 2766 interpre-

165 2803 280 2868 tatione
310 2809 444 2882 eonstet,
474 2823 575 2866 nonne
597 2799 790 2885 perspicuum
813 2804 859 2862 est
880 2797 1021 2862 lemmata
1044 2820 1105 2863 non
1129 2797 1166 2864 ab
1189 2798 1294 2864 eodem

166 2921 364 3006 grammatico
387 2921 537 3006 adscripta
561 2941 625 2984 esse
648 2919 701 3001 qui
725 2916 847 2981 Scholia
870 2915 1105 3002 conscripserit?

132 3103 138 3116 ,
214 3039 273 3102 Καὶ
301 3038 492 3116 ἀστυνόμους
517 3037 629 3118 όρνάςε
653 3037 719 3108 Tha
747 3033 815 3114 caol
840 3039 898 3098 τῶν
913 3031 1291 3113 μετεώρωνφιλσσοφίαν.

165 3159 232 3231 Tha
257 3164 317 3222 τῶν
338 3158 434 3236 νόμον
458 3157 637 3237 ἐμπειρίαν,
664 3155 701 3219 δι’
723 3151 761 3217 ἀν
784 3153 827 3219 τά
852 3152 955 3217 ἀστεα
979 3151 1140 3230 νέμονται,
1167 3149 1184 3217 ό
1207 3156 1291 3227 ἐστι,

167 3278 359 3344 διοικοῦνται.

211 3399 296 3464 Haec
325 3399 359 3464 in
390 3398 493 3466 codice
515 3398 619 3462 iuncta
646 3397 800 3482 leguntur,
832 3416 928 3479 quum
950 3401 1052 3459 tamen
1074 3393 1234 3458 manifesto
1256 3393 1295 3458 ad

166 3517 291 3582 eandem
318 3539 379 3582 rem
410 3539 472 3581 non
503 3520 654 3603 spectent3
685 3520 837 3601 postrema
867 3513 949 3578 enirn
980 3517 1098 3578 tantum
1126 3511 1164 3576 ad
1186 3511 1295 3578 lemma

166 3638 219 3702 aul
244 3632 435 3715 ἀστυνόμους
463 3634 558 3714 όρηάς
582 3634 751 3721 pertinent,
787 3632 888 3720 priora
922 3654 1013 3712 vero,
1047 3632 1102 3704 την
1134 3629 1201 3711 περὶ
1235 3635 1293 3695 τῶν

165 3760 323 3840 μετεώρων
349 3755 558 3838 φιλοσοφίαν,
595 3752 843 3841 explicationem,
876 3751 1015 3835 quamvis
1044 3750 1166 3831 falsam,
1198 3750 1294 3815 conti-

165 3883 240 3942 nent
263 3877 425 3944 verbo‘rum
447 3874 577 3953 ἀνεμόεν
601 3873 759 3956 φρόνημα.
911 3951 914 3959 ¹

25 4018 91 4076 376,
111 4018 136 4076 3,
212 3996 382 4061 Scholiasta
412 4001 576 4062 annotans:
613 3993 743 4075 περισσὴ
770 3995 786 4070 ἡ
809 3990 917 4071 ἀμφί,
950 4012 1011 4054 non
1034 3988 1153 4053 videtur
1175 3987 1294 4054 intelle·

167 4115 247 4181 xisse
271 4117 414 4198 ἀμφινοῶ
439 4114 624 4202 significare:
648 4114 761 4180 dubius
785 4135 870 4194 sum,
893 4111 1013 4176 haereo.

74 4260 137 4316 399,
212 4236 262 4302 Ad
284 4235 386 4302 verba:
411 4235 472 4313 ἐνόν
499 4235 526 4299 δ’
545 4233 698 4314 ἐλεύθερος
729 4231 844 4305 δι’καιός
878 4234 941 4312 εἶμι
973 4229 1060 4294 τῶνδ’
1080 4225 1292 4307 ἀντηλλάχόαι

168 4361 284 4428 κακῶν,
310 4353 455 4420 adscribit
479 4353 656 4418 scholiasta:
681 4351 782 4418 λείπει
807 4350 861 4430 ἀν,
884 4351 966 4436 qnod
989 4348 1028 4414 ad
1048 4345 1200 4429 ἐλεύθεροι
1223 4369 1294 4434 sup·
