3250 5292
721 500 760 563 67

181 711 305 793 τοιχέυι
328 710 439 789 μοιύιῒν
464 708 498 775 τῦ
523 708 595 778 κοτ’
621 705 695 784 ἐμύ,
722 703 774 772 uni
797 704 841 782 μῦ
868 705 1026 781 ὐμειιῦσοιι
1048 703 1224 782 ἐπεξελθεῖν
1243 705 1295 772 τὸν

183 832 255 911 ἐμὸν
281 829 385 913 φύνον·

224 952 345 1017 Foloum
373 972 453 1031 enon,
484 948 567 1034 qnod
595 944 760 1012 Scholiasta
789 943 864 1011 dicit
889 943 1067 1018 τονῦτοῦιιι
1088 967 1159 1014 oum
1185 947 1298 1025 μιιύεῒν

182 1070 368 1158 iungendum
391 1091 472 1151 esse,
496 1074 532 1133 nt
554 1066 653 1132 valent
670 1064 795 1146 τιοχύοις
818 1067 945 1142 μενεῖν,
969 1087 1023 1130 nun
1037 1071 1145 1152 sponte
1164 1071 1296 1153 appnmt.

181 1190 347 1258 Verebatur
378 1188 493 1254 oollioet
526 1193 562 1253 ut
599 1185 715 1265 σεμνὰς
756 1188 872 1266 Ἐρινῦς
912 1183 1088 1257 τονύτοδιις
1123 1190 1203 1250 reete
1235 1185 1297 1250 ‹lioi
1329 1233 1332 1240 .

183 1315 292 1396 poooet.
337 1309 424 1375 Alter
454 1306 623 1374 Soholieote
649 1311 730 1371 recte
751 1305 796 1370 ite
818 1305 1044 1391 interpretatum
1069 1305 1085 1380 ἢ
1111 1306 1179 1370 νοῦ*
1205 1305 1297 1370 ἑοιυτὸ

183 1431 218 1495 τὸ
241 1408 417 1500 τυνύτούοιι
442 1426 583 1507 λεκτέον,
607 1425 667 1496 τὰς
693 1429 862 1505 τυντιιχοῦ
890 1424 1049 1497 τεινούσοιο
1071 1426 1143 1498 τούν
1171 1425 1281 1497 στάδιοι.

74 1567 156 1624 1010.
228 1555 297 1621 Πῦι
325 1550 387 1630 ylo
411 1550 471 1628 οὐχ
495 1543 553 1626 ὅσοι
576 1545 685 1627 τιύροιι
710 1551 778 1615 licio
801 1545 864 1624 χύρ
879 1539 964 1618 οὐτύς
988 1569 1029 1623 με
1051 1543 1142 1621 tillon
1158 1545 1298 1629 δέξεται,

186 1662 206 1750 ᾧ
231 1670 283 1736 ιινιὶ
314 1671 495 1750 εὐτυχοῦντι
532 1667 567 1731 τὸ
601 1667 744 1748 προσηνὲς
769 1663 884 1729 ῦνιεστι
911 1665 964 1730 ool
989 1665 1104 1746 ἱλοιρύν.
1140 1666 1302 1752 Sequentia

185 1789 288 1855 eodem
319 1788 425 1854 modos
459 1789 533 1867 Οὐχ
566 1782 623 1867 ὐτῳ
657 1785 756 1866 nolon.
798 1786 871 1864 Οὐχ
904 1776 1009 1857 ὐτινι
1032 1787 1096 1852 οὐδ’
1118 1790 1301 1867 εὐτυχοῦντι
1378 1832 1384 1844 ·

186 1906 335 1988 τούρεστιν
358 1907 392 1972 τύ
418 1910 530 1986 γενῦν.

231 2025 311 2090 Male
334 2025 429 2112 igitur
450 2026 482 2098 in
506 2032 612 2111 poetae
634 2024 732 2096 verbis
755 2026 815 2105 οὐχ
839 2045 908 2089 oum
931 2023 1019 2106 τύροι
1040 2025 1200 2094 ooninnxit
1217 2027 1302 2093 seho-

185 2145 288 2220 nasu,
317 2151 352 2209 ut
374 2144 455 2208 idom
480 2145 630 2231 significet
653 2144 737 2230 quod
760 2143 902 2210 ῦιτεστιν.
948 2145 1031 2210 Idem
1054 2145 1087 2210 in
1109 2147 1303 2232 sequentibus

184 2264 286 2350 inepto
312 2263 525 2349 interpretatur
550 2263 731 2330 vocabulum
760 2268 963 2346 εὐτυχοῦντος
994 2262 1069 2328 dicit
1091 2264 1188 2330 enim:
1215 2268 1302 2331 εὐτυ·

185 2387 293 2464 χοῦντι
317 2382 347 2447 δὲ
371 2378 476 2457 εἶτεν,
506 2385 560 2448 οὐκ
586 2385 635 2449 ἐστὶ
666 2387 708 2466 τῷ
734 2387 786 2466 υἱῷ
814 2384 1024 2467 ε’σφιιχμένμ,
1052 2384 1128 2448 ἀλλ’
1154 2383 1203 2449 ἔτι)
1231 2392 1303 2458 τοῦτ

186 2501 408 2584 ὐνύριιχοιύίοιις
430 2508 484 2568 τοῦ
509 2504 591 2580 υἱοῦ,
615 2504 666 2568 κού
691 2514 729 2585 τῇ
754 2505 867 2569 tutuo
897 2511 952 2578 τῆς
979 2502 1105 2586 Τροίοις.

231 2623 331 2688 Immo
350 2629 456 2709 poetae
473 2623 630 2687 verborum
650 2645 754 2688 sensus
774 2622 823 2687 hio
839 2629 899 2689 est:
916 2624 985 2705 Quo
1000 2622 1088 2688 modo
1103 2623 1170 2688 fieri
1186 2629 1302 2709 potest,

188 2748 223 2808 ut
251 2742 337 2807 aliter
367 2765 413 2806 res
445 2764 476 2806 se
506 2740 630 2822 habeat,
661 2748 697 2806 ut
726 2749 811 2827 poter
841 2765 901 2807 non
930 2744 1054 2806 comiter
1083 2764 1130 2807 me
1152 2743 1303 2828 excipiat?

189 2861 264 2946 (τοῦς
297 2861 359 2942 νῦν
394 2863 488 2943 οῦχ;)
522 2859 612 2925 Pater
641 2861 783 2927 Telamon
807 2861 887 2928 enim
916 2861 941 2926 is
970 2867 1030 2942 est,
1061 2861 1114 2945 qui
1141 2883 1306 2947 numquam

188 2981 301 3062 rideat,
324 3003 489 3067 numquam
510 2979 587 3044 laeto
610 2985 640 3044 et
663 2979 752 3045 hilari
773 2982 813 3045 sit
836 2981 954 3060 animo,
978 3002 1016 3045 ne
1030 2980 1064 3047 iu
1078 2980 1168 3048 rebus
1184 2981 1304 3066 quidem

190 3099 338 3166 secundis.
363 3100 447 3186 (μηδ’
473 3100 682 3181 εὐτυχοῦντι.)

78 3240 161 3296 1126,
234 3217 407 3286 Κτεύνιιντιύ
428 3219 484 3304 με]
509 3216 607 3283 Ὅσον
632 3211 703 3291 ἧκεν
726 3219 778 3299 ἐφ’
793 3219 891 3299 έιιυτῷ
921 3218 1088 3285 oreliano
1110 3245 1163 3300 με.
1189 3218 1304 3286 Δεινύ.

191 3342 229 3404 ‘0
260 3340 318 3418 μὲν
348 3333 451 3419 εἶπεν,
480 3335 546 3405 ὅσον
579 3337 632 3418 ἐφ’
662 3337 772 3418 ἑοιυτῷ·
795 3338 809 3401 o‘
833 3339 864 3404 n
888 3346 942 3412 τῆς
969 3344 1073 3419 Φοινῦς
1098 3339 1303 3420 ὐντιλιομβνὶ-

191 3482 288 3526 νετιιι·
313 3482 342 3524 ιι.
359 3483 389 3524 τ.
406 3485 431 3524 ε.

235 3578 309 3644 Post
335 3579 513 3646 vocabulum
542 3577 648 3644 Δεινύν
680 3578 740 3643 duo
768 3585 881 3664 puncta
909 3579 1047 3664 ponenda
1077 3588 1165 3663 sunt,
1200 3589 1234 3647 ut
1267 3584 1306 3648 sit

190 3699 314 3775 lemme,
337 3699 375 3765 ed
398 3699 480 3786 quod
501 3700 656 3786 sequentia
678 3699 855 3764 referantur.

25 3845 109 3902 1134.
119 3841 164 3895 35.
236 3818 272 3884 In
297 3819 489 3886 altereatione
511 3817 641 3884 Menelai
663 3823 694 3882 et
714 3816 824 3882 Teucri
846 3816 898 3882 hio
919 3822 1021 3903 rogat:

236 3933 255 4012 ἦ
280 3940 326 4005 σοι
350 3940 411 4020 yolo
435 3937 514 4012 Λῦσις
538 3936 684 4016 πολέμιος
708 3937 843 4019 τρούστιι
864 3935 959 4012 τοτέ;
986 3936 1037 4003 oui
1059 3936 1108 4003 ille
1130 3937 1303 4026 respondet:

191 4063 331 4143 μισοῦντ’
363 4059 474 4139 ἐμίσει·
509 4057 562 4124 κού
599 4057 637 4123 οὐ
672 4057 757 4122 τοῦτ’
796 4055 961 4132 ἧτίστιισο.
996 4057 1034 4122 ad
1067 4078 1144 4140 quae
1176 4058 1305 4123 Teucer:

191 4182 330 4259 ιιλέιττιις
354 4179 416 4261 yolo
439 4180 534 4244 οιῦτοῦ
561 4176 736 4258 uenenum
761 4175 894 4259 νύρέὐιις.

235 4301 361 4389 Legitur
381 4306 481 4365 autem
503 4299 536 4364 in
560 4297 702 4364 scholiis:
730 4295 865 4370 Εἰκότως
876 4345 886 4375 ,
911 4295 1027 4378 Φνσύν,
1055 4294 1154 4374 ἐμίσει
1180 4320 1215 4359 σε
1241 4297 1306 4362 οἱδι-

194 4420 356 4500 ιιιύμενος,
389 4441 466 4504 quae
496 4416 656 4482 manifesto
679 4415 718 4480 ed
740 4415 863 4481 tertium
887 4436 1026 4481 versuum
1050 4414 1203 4480 allatorum
1226 4437 1307 4500 speo-
