3210 5292
855 425 897 486 40

207 639 285 696 1263.
362 625 581 713 Θανατίεντα]
612 625 758 690 Θανσίτσω
782 627 876 703 ἄξια,
904 629 920 703 al
948 629 1080 694 ίανσίτσω
1103 630 1201 696 αίτνα.

358 744 516 810 Posterius
547 765 653 810 verum
675 750 731 811 est.
777 746 882 832 Pergit
905 749 986 813 enim
1008 749 1127 815 Creon:
1161 747 1181 814 ὦ
1209 748 1380 821 κτανόντας
1403 773 1439 814 τε

315 861 368 927 καί
392 860 540 933 ίανίντας
566 861 740 939 βλίττοντες
765 865 950 945 ἐμφυλίους.

205 989 284 1047 1265.
357 980 458 1046 Verba
488 979 540 1061 νέῳ
563 979 618 1064 ξὺν
641 980 721 1063 (adpo
744 983 905 1048 scholiasta
928 985 1145 1072 interpretatur
1166 1007 1218 1072 per
1239 995 1442 1066 καννστρετεῖ

315 1096 436 1179 revere
459 1100 540 1184 quod
562 1121 668 1165 verum
691 1123 752 1165 non
776 1101 905 1168 videtur.
935 1104 1007 1167 Non
1031 1104 1110 1168 enim
1131 1109 1195 1168 erat
1210 1126 1322 1168 novum
1342 1125 1440 1188 neque

291 1215 485 1283 inauditum
516 1217 653 1282 homines
681 1219 764 1304 ipsos
786 1219 845 1285 sibi
868 1227 996 1286 mortam
1020 1221 1212 1286 consciscere.
1258 1221 1356 1284 Immo
1379 1221 1439 1306 sig·

312 1335 454 1401 nificant:
478 1337 639 1401 immaturo
663 1335 727 1401 sato
751 1343 942 1432 peremptus,
968 1338 1129 1419 ὠκύμορος.

204 1463 283 1524 1270.
357 1455 408 1522 Ad
437 1454 546 1528 verba,
577 1452 652 1534 olfe',
682 1455 720 1527 ὡς
753 1453 853 1527 ίωκας
885 1457 943 1536 scr
977 1458 1032 1530 rhu
1060 1457 1144 1532 δίκην
1171 1458 1262 1530 ἰδεῖν,
1288 1457 1439 1543 adscripta

312 1580 358 1639 eat
387 1574 472 1640 varia
498 1574 589 1639 lectio
613 1597 663 1655 γρ.
689 1573 794 1654 ἔχειν,
820 1575 903 1659 quod
924 1574 1017 1641 nimis
1039 1575 1201 1642 insolenter
1224 1576 1340 1641 dictum
1362 1582 1440 1641 esset
1542 1599 1545 1608 ·

312 1691 470 1772 aChoro,
492 1693 668 1790 praesertim
689 1693 722 1758 in
745 1693 922 1782 principem.

199 1821 281 1905 ¹130&
355 1814 421 1875 Τοῦ
455 1811 525 1892 πρὶν
556 1811 698 1886 ίκνίντος
729 1813 919 1900 Μεγαρέως]
953 1813 1015 1884 Ὠς
1052 1816 1150 1887 αὐτῆς
1184 1810 1437 1892 τρσγαμκίείσκς

309 1937 459 2010 Μεγαρεῖ
483 1952 541 1995 τννν
567 1928 623 2010 τρὸ
651 1935 705 1996 τσῦ
733 1932 887 2011 Κρέοντας.
1350 2011 1363 2032 ·

353 2047 473 2113 Vanum
497 2048 675 2115 scholiastae
698 2055 913 2117 commentum.
948 2050 1096 2116 Interitus
1119 2051 1200 2115 enim
1223 2050 1439 2136 intelligendus

310 2171 356 2231 cst
378 2165 529 2254 Megarei,
549 2166 599 2232 cui
618 2166 690 2232 alias
710 2167 892 2234 Menoeceus
911 2190 1019 2233 nomen
1039 2173 1099 2248 est,
1119 2167 1262 2233 Creontis
1284 2167 1359 2247 filii,
1383 2167 1439 2251 qui

311 2305 343 2348 se
376 2305 430 2370 pro
464 2285 561 2371 patria
593 2283 727 2350 devovit.
773 2285 857 2365 Quin
888 2285 914 2348 si
943 2285 1020 2349 nihil
1049 2307 1182 2370 unquam
1212 2285 1250 2350 de
1285 2285 1342 2350 hoc
1371 2283 1437 2351 Me·

312 2424 401 2490 ganeo
421 2403 659 2482 audivissemus,
681 2423 874 2488 nequaquam
902 2409 1002 2467 tamen
1025 2402 1062 2468 de
1086 2403 1194 2467 marito
1216 2402 1315 2488 priore
1340 2401 1437 2487 Eury-

305 2521 387 2586 dices
428 2521 563 2606 cogitare
603 2541 769 2607 possemus.
815 2519 848 2584 Si
886 2520 967 2585 euim
1005 2519 1048 2584 ita
1082 2541 1130 2584 res
1164 2541 1195 2584 se
1227 2519 1369 2598 haberet,
1404 2519 1437 2583 in

306 2637 421 2722 verbis,
453 2638 625 2704 κωκύσασα
657 2640 714 2716 μὲν
748 2643 801 2703 τοῦ
836 2637 905 2719 πρὶν
941 2636 1081 2708 ίανίντσς
1114 2637 1287 2718 Μεγαρέως
1319 2637 1437 2700 κλεινὸν

306 2753 428 2836 λάχος,
466 2751 550 2828 αὖθις
591 2758 622 2821 δὲ
659 2759 772 2836 τοῦδε,
810 2762 959 2844 postrema
992 2755 1100 2836 verba,
1135 2750 1219 2827 αὖθις
1258 2757 1288 2820 δὲ
1327 2757 1434 2828 τοῦδε,

307 2875 474 2939 necessario
498 2875 654 2940 referenda
677 2882 778 2940 essent
800 2875 838 2939 ad
861 2874 1040 2953 Creontem,
1070 2871 1153 2956 quod
1175 2873 1337 2938 absurdum
1356 2895 1435 2954 esse,

307 3014 369 3057 non
393 3013 470 3081 opus
493 2998 539 3057 est
561 2998 597 3057 ut
622 3013 769 3059 moneam.

352 3112 520 3197 Ἀκταίαν]
544 3137 596 3192 γρ.
619 3110 752 3192 καιρίαν.

352 3230 438 3297 Haec
468 3254 589 3318 quoque
617 3231 717 3318 glossa
747 3235 807 3309 est,
840 3251 930 3314 quam
962 3230 1124 3295 scholiasta
1147 3232 1282 3317 praefixo
1304 3252 1360 3295 suo
1383 3254 1434 3308 γρ.

308 3373 362 3437 pro
385 3350 471 3415 varia
494 3350 622 3415 lectione
646 3349 760 3414 vendit.

352 3470 457 3535 Τῶνδε
483 3468 645 3555 κνίκείνων]
670 3471 735 3532 Ταῦ
761 3470 816 3542 τὴν
843 3476 980 3561 γυναῖκα
1005 3468 1058 3532 καί
1083 3472 1134 3532 τὸν
1157 3468 1219 3532 vide
1243 3468 1418 3534 σίτσίανεῖν.

353 3589 437 3655 Haec
453 3587 677 3676 interpretatio,
694 3587 835 3671 quamvis
846 3609 864 3651 a
875 3586 978 3651 multis
990 3585 1128 3672 probata,
1147 3592 1246 3651 tamen
1259 3566 1434 3673 accipienda

310 3728 372 3772 esse
402 3729 464 3772 non
495 3706 624 3771 uidetur.
669 3704 841 3770 Verisimile
871 3705 951 3812 enim
983 3726 1045 3768 non
1075 3712 1120 3769 est
1141 3704 1311 3790 Eurydicen
1334 3705 1435 3769 vivam

310 3825 416 3889 mortis
448 3846 518 3889 suae
552 3824 671 3909 culpam
701 3823 740 3894 in,
765 3821 926 3887 Creontem
957 3823 1101 3888 conferre.
1147 3822 1262 3902 Immo,
1293 3821 1435 3907 temporis

309 3942 426 4008 ratione
447 3942 569 4022 habita,
593 3941 693 4006 verbis
715 3941 808 4006 τῶνδε
832 3940 978 4005 κάκείνων
1004 3941 1119 4021 μόρων,
1143 3961 1281 4025 praesens
1300 3945 1331 4004 et
1353 3961 1435 4026 prae·

243 4081 246 4086 ·
311 4061 401 4127 terite
417 4059 603 4126 calamitates
614 4060 831 4146 respiciuntur,
848 4059 953 4142 idest,
969 4060 1134 4126 Haemonis
1147 4065 1177 4124 et
1187 4059 1321 4144 Megarei
1332 4080 1435 4135 neces,

313 4200 439 4265 quarum
462 4177 621 4264 utriusque
643 4179 794 4266 Eurydice
817 4179 935 4266 culpam
960 4180 991 4245 in
1016 4179 1157 4244 maritum
1181 4178 1308 4243 confert.
1352 4177 1436 4242 Haec

311 4299 371 4364 loci
401 4297 609 4383 interpretatio
639 4297 885 4374 antecedentibus
916 4299 1016 4364 nuntii
1040 4295 1156 4376 verbis,
1180 4295 1351 4361 κωκύσασα
1378 4294 1435 4373 aa
