3210 5292
164 704 244 762 1248,
264 704 290 761 3.
366 687 493 773 Legitur
523 686 555 750 in
589 687 689 752 libris:
726 684 759 752 αἳ
790 687 821 750 δὲ
846 686 958 765 νυχίαν
981 684 1043 751 atrro*
1070 688 1192 756 Ῥιτόν.
1239 690 1451 778 coniecturam

321 806 358 871 ad
381 805 463 870 hunc
487 827 606 870 versum
629 805 830 892 propositam:
872 817 875 822 ’

726 922 759 989 αἳ
784 925 810 989 δ’
830 926 975 1005 ἕνννχιῖιν
1000 926 1063 989 cirri
1089 927 1216 1006 Ῥιτῖιν,

322 1044 479 1110 confirmat
501 1042 684 1124 Scholiasta,
708 1049 870 1110 annotans:
895 1044 990 1121 Λέγει
1011 1044 1042 1108 δὲ
1060 1045 1144 1108 αὐτοὶ
1163 1045 1217 1126 (τόι
1239 1044 1366 1110 ‘Placia
1384 1045 1448 1130 όρη)

323 1163 500 1244 ἐννύχιοι
524 1164 574 1228 διὰ
598 1163 633 1228 τὸ
657 1164 730 1243 πρὸς
755 1171 793 1243 rt
817 1163 900 1228 δόσει
925 1165 1057 1230 κεῖσθαι.

168 1295 248 1354 1451.
267 1297 293 1355 3.
369 1282 483 1348 Scribit
506 1282 687 1347 ltlmsleius:

367 1402 402 1466 τὸ
425 1400 455 1464 δὲ
479 1400 562 1476 ἑξῆς·
576 1397 683 1478 μότην
705 1400 768 1479 γὰρ
791 1400 874 1464 οὐδὲν
896 1399 1023 1478 ιὶξόωμα
1046 1400 1196 1480 δαιμόνων
1219 1401 1282 1482 ἔχω
1309 1402 1447 1484 Φροόοαι,

321 1520 425 1593 ἐπειδη
454 1518 507 1602 όρρῐ
536 1522 629 1583 ταῦτ’
651 1519 699 1582 ἀεὶ
730 1519 856 1600 χρόνος,
888 1517 979 1600 ἕτερα
1010 1521 1067 1597 μὲν
1095 1520 1196 1596 αὔξων
1232 1521 1310 1596 atro,
1344 1521 1385 1585 τόι
1418 1521 1449 1585 δὲ

322 1638 396 1719 παρ’
419 1633 502 1719 ἦμαρ
532 1633 616 1710 αὖθις
654 1635 684 1724 (ό
708 1640 810 1712 εὀτιν,
847 1641 888 1711 εἷς
914 1641 948 1704 τό
982 1639 1135 1722 ἔμπαλιν)
1170 1640 1287 1721 τρόπον
1322 1641 1364 1704 τόν
1394 1640 1447 1715 ἤδη

324 1757 508 1836 αὐξηθέντα.

365 1878 500 1964 Exponit
529 1877 625 1963 igitur
655 1876 825 1942 Scholiasta
855 1883 959 1963 poetae
983 1877 1139 1943 verborum
1168 1879 1304 1944 ordinem
1332 1859 1363 1944 et
1385 1879 1449 1966 ipsa

321 1997 413 2061 verba
436 1976 660 2080 interpretatur.
709 1992 863 2074 placiad’,
894 2002 929 2060 ut
957 1994 995 2062 G.
1020 1994 1134 2061 Wolffii
1159 1996 1256 2061 verbis
1288 2003 1365 2077 utar,
1400 2003 1449 2076 ,et

320 2122 389 2201 post
416 2111 507 2194 ἕτερα
540 2120 570 2177 et
598 2118 668 2199 post
696 2107 781 2184 αὖθις
812 2113 924 2198 posito,
961 2113 1063 2198 inepte
1098 2113 1141 2177 ita
1171 2115 1349 2179 sententiam
1379 2136 1451 2178 con-¹

320 2231 451 2298 struxit:
477 2231 544 2296 ἐπεὶ
569 2228 661 2311 ἕτερα
685 2232 741 2313 μὲν
769 2231 869 2308 αὔξων
896 2229 974 2303 όινοι,
1008 2232 1049 2295 τόι
1075 2230 1106 2294 δὲ
1131 2234 1204 2310 παρ’
1231 2227 1314 2312 ἦμαρ
1342 2227 1445 2306 αὖθις,

319 2372 356 2414 ex
387 2348 549 2445 participio
582 2348 682 2426 αὔξων
713 2348 837 2413 verbnm
868 2347 992 2431 aliquod
1026 2348 1069 2413 illi
1100 2349 1283 2414 contrarium
1313 2358 1345 2415 et
1374 2373 1448 2416 voce

310 2470 435 2560 τρέτων
460 2467 664 2553 significatum
687 2464 859 2553 supplens.”
906 2465 990 2530 Haec
1012 2465 1163 2532 Wolffius.
1209 2468 1296 2548 Quae
1318 2470 1344 2533 si
1367 2475 1448 2534 recte

319 2586 475 2674 disputata
498 2594 587 2666 sunt,
614 2586 789 2665 Scholion,
815 2591 932 2654 mutata
958 2585 1218 2670 interpunctione,
1243 2587 1286 2650 ita
1317 2586 1450 2651 scriben-

320 2707 410 2773 dum:
437 2707 541 2778 ἐπειδὴ
565 2707 617 2788 όρρῖ
642 2705 735 2769 ταῦτ’
757 2704 804 2768 αεὶ
827 2704 953 2784 χρόνος,
981 2701 1072 2782 ἕτερα
1102 2705 1158 2781 μὲν
1184 2703 1284 2780 αὔξων
1307 2704 1384 2777 όινω,
1408 2705 1449 2769 τόι

320 2825 350 2888 δὲ
379 2827 453 2903 παρ’
478 2819 560 2904 ἦμαρ
596 2819 693 2894 αὖθις·
722 2821 739 2886 ό
763 2823 865 2898 ἔστιν,
890 2825 932 2893 εἰς
959 2820 992 2884 τό
1019 2820 1158 2897 ἔμπαλιν
1185 2823 1302 2902 τρέπων
1329 2825 1371 2887 τόν
1396 2823 1448 2898 ἤδη

321 2940 512 3019 αὐξηθέντα,
545 2964 673 3027 quorum
709 2941 808 3027 priora
842 2941 977 3006 ordinem
1012 2941 1188 3020 verborum,
1217 2943 1328 3026 quibus
1362 2950 1451 3029 poeta

321 3060 437 3142 utitur,
461 3067 630 3148 exponunt,
655 3060 834 3144 posteriora,
858 3059 928 3123 inde
951 3059 988 3124 ab
1011 3057 1028 3123 ό
1047 3062 1146 3138 ἐστιν,
1170 3062 1447 3146 interpretationem

322 3179 448 3246 addunt.

215 3318 294 3374 1482.
368 3298 418 3363 Ad
432 3299 514 3363 hunc
529 3318 648 3363 versum
664 3298 776 3383 legitur
790 3295 953 3360 scholium:
971 3296 1059 3371 Μηδὲ
1078 3298 1193 3378 πονηρῷ
1212 3320 1270 3362 τινι
1291 3296 1446 3376 τνντόχιο,

323 3416 512 3484 referendum
536 3416 574 3481 ad
596 3421 703 3502 poetae
725 3414 831 3480 verba:
865 3414 996 3480 ἕναιτίον
1024 3415 1055 3479 δὲ
1083 3417 1269 3496 σοιτύχοιμι
1303 3416 1450 3503 (Oobctus

325 3536 466 3622 corrigit:
490 3540 544 3600 τοῦ
569 3533 713 3620 τύχοιμι)
737 3533 809 3612 μηδ’
833 3532 974 3599 όλαοτον
994 3533 1076 3615 ἄνδρ’
1098 3536 1175 3600 aaa
1209 3535 1327 3601 Horum
1351 3535 1450 3622 priora

324 3654 456 3720 ἔναισόοο
480 3655 511 3718 δὲ
538 3653 725 3733 τοντόχοιμι
750 3653 909 3720 Elmslcius
928 3659 964 3717 ut
989 3653 1096 3718 lemma
1113 3653 1236 3720 Scholio
1259 3655 1432 3741 praeposuit
1439 3653 1471 3730 ,J
1587 3691 1588 3694 =

325 3774 409 3858 quod
431 3774 509 3838 mihi
531 3772 696 3839 verisimile
718 3794 782 3838 esse
805 3773 857 3838 vix
880 3773 1009 3839 videtur.

368 3894 470 3976 Quare
497 3893 577 3958 enim
605 3891 792 3972 Scholiasta,
823 3913 911 3976 quem
935 3892 1062 3957 verbum
1086 3892 1176 3957 verbo
1206 3892 1328 3957 reddam
1358 3891 1451 3956 solere

322 4017 430 4079 notum
453 4019 516 4089 est,
541 4010 710 4097 optativum
730 4010 916 4089 ονντόχοιμι
938 4010 1150 4097 interpretatus
1175 4009 1284 4076 luisset
1306 4034 1359 4098 per
1378 4035 1450 4078 con·

321 4132 495 4198 iunctivnm
529 4129 695 4210 ονντόχωΡ
741 4129 839 4194 Immo
875 4129 1069 4194 coniunctivo
1104 4128 1248 4210 ονντόχω
1284 4131 1338 4214 qui
1367 4130 1450 4195 locus

323 4252 449 4318 omnino
483 4271 546 4314 esso
580 4249 691 4337 possit,
727 4269 790 4313 non
825 4248 923 4314 video.
969 4249 1064 4313 Porro
1098 4248 1285 4314 Scholiastao
1312 4271 1373 4314 non
1405 4254 1451 4313 est

325 4369 456 4436 ἕναόοιον
483 4367 579 4448 ἄνδρα
605 4374 718 4431 vertere
740 4388 792 4452 per
815 4368 891 4443 μηδὲ
915 4368 1050 4447 πονηρός.
