3250 5292
883 484 923 547 60

259 707 320 764 362.
394 695 515 761 Aiacem
550 692 651 757 Choro
685 691 861 779 persuadere
894 692 1078 772 studentem,
1111 696 1145 756 ut
1166 691 1265 777 ipsum
1288 690 1460 770 interficiat,

350 813 469 880 Chorus
491 818 609 877 monet:
829 809 874 889 μη
899 809 1100 890 sextantarii
1124 808 1220 882 διδοὺς
1593 803 1594 810 ¹

567 929 656 1012 ἄκος,
680 930 772 997 πλέον
796 930 831 996 τὸ
854 937 949 1010 πῆμιι
971 937 1026 1004 τῆς
1051 929 1128 1005 ἄτης
1152 928 1238 996 τίθει.

392 1050 511 1117 Horum
533 1072 672 1117 versuum
690 1051 805 1116 soholia
823 1051 897 1116 duas
914 1049 1173 1148 interpretationes
1190 1048 1317 1114 afferunt
1333 1071 1459 1135 quarum

347 1171 428 1259 prior
461 1171 578 1258 inepta:
613 1170 658 1234 Τὸ
695 1169 776 1247 ἑξῆς·
806 1172 849 1249 μη
889 1171 983 1235 ιιιιιιὸν
1007 1169 1090 1251 κοιιιῷ
1118 1168 1212 1241 διδοὺς
1240 1165 1333 1246 ἄκος,
1356 1167 1458 1250 μεῖζον

348 1289 425 1357 ποέει
448 1297 504 1364 τῆς
530 1289 608 1366 ἄτης
629 1291 663 1354 τὸ
688 1297 792 1369 etna·
817 1288 894 1365 ἄτην
922 1289 973 1369 δὲ,
995 1289 1050 1363 την
1073 1285 1200 1368 μοινίοιν·
1220 1295 1315 1367 πῆμοι
1334 1287 1385 1366 δέ,
1408 1288 1458 1354 τὸν

347 1409 496 1485 έᾶνοιτον,
529 1405 648 1476 ἄέστιν
671 1417 773 1491 χεῖρον
799 1415 854 1484 τῆς
881 1408 1008 1488 μοινίοις·
1033 1413 1122 1474 τοῦτο
1152 1409 1182 1474 δὲ
1205 1407 1320 1491 φησὶν,
1351 1407 1417 1473 ἐπεὶ
1444 1409 1459 1472 ὁ

347 1529 427 1602 Αἶνος
453 1528 605 1612 λέγειτῷ
629 1531 720 1612 χορῷ·
744 1530 833 1594 ἄιινιᾶ
860 1528 897 1594 σύ
921 1553 962 1608 με
985 1526 1098 1606 δᾶϊξον.
1146 1529 1207 1595 Hie
1228 1529 1323 1618 igitur
1344 1532 1461 1617 geneti-

346 1670 417 1715 vum
449 1656 504 1722 τῆς
532 1647 610 1725 ἄτης
644 1649 823 1736 pendentem
856 1650 968 1715 facita
998 1649 1198 1736 comparativo
1232 1649 1345 1723 πλέον,
1381 1649 1461 1715 unde

348 1768 450 1856 inepta
472 1767 536 1834 eius
558 1767 777 1854 interpretatio.
822 1768 882 1834 Pro
912 1766 1052 1834 extremis
1073 1767 1178 1832 soholii
1201 1766 1298 1832 verbis
1320 1791 1336 1832 e
1358 1767 1463 1832 oodioe

348 1886 387 1952 G.
411 1886 504 1973 ipsius
526 1892 632 1973 poetae
655 1884 742 1951 verba
765 1884 853 1951 ἄλλᾶ
873 1910 914 1965 με
932 1883 1090 1962 σννδᾶἵξον
1109 1884 1293 1950 restituenda
1312 1885 1463 1952 videntur.

394 2005 481 2071 Alter
502 2005 661 2070 scholiasta
683 2011 786 2071 contra
811 2013 892 2072 reete
910 2005 988 2072 vidit
1005 2005 1040 2070 τὸ
1059 2011 1153 2083 πῆμοι
1173 2011 1228 2080 τῆς
1249 2003 1327 2082 ἄτης
1347 2005 1464 2093 poetice

349 2124 464 2190 dictum
496 2145 559 2190 esse
589 2146 643 2212 pro
671 2125 726 2200 την
753 2123 831 2201 ἄτην
863 2129 911 2211 (ut
941 2125 1020 2213 apud
1043 2126 1209 2192 Homerum
1240 2132 1333 2205 πῇμιι
1359 2135 1464 2193 ιιιιιιοῖο

350 2249 379 2310 et
401 2243 480 2331 apud
499 2247 637 2309 nostrum
656 2243 734 2338 l’hil.
757 2245 830 2312 tot.
851 2247 885 2311 τὸ
910 2251 1004 2322 πῆμοι
1023 2253 1079 2320 τῆς
1101 2243 1210 2332 νόσον).
1254 2245 1348 2312 Recte
1369 2247 1465 2335 igitur

349 2364 577 2462 interpretatur:
603 2365 657 2438 Ml
684 2364 847 2446 θερσιπείοιν
870 2369 966 2430 κοινοῦ
991 2363 1088 2448 ἕτερον
1111 2365 1204 2431 κοινὸν
1228 2367 1463 2449 ἐπεισιιηᾶνης,

349 2481 425 2565 οἷον,
448 2485 491 2563 μέν
515 2483 557 2564 τῷ·
577 2482 698 2567 έιινᾶσῳ
722 2483 869 2568 διιιλύσης
893 2487 928 2552 τὸ
948 2483 1068 2559 ὄνειδος·
1092 2495 1186 2567 πημοι
1207 2487 1238 2552 δὲ
1255 2484 1355 2568 ἄτης,
1378 2487 1463 2552 κοιτοὶ

349 2604 554 2688 περίφρονσιν,
584 2581 642 2681 τηνι
674 2606 832 2692 (arnonlne
862 2606 941 2672 enim
968 2630 984 2673 e
1015 2607 1110 2676 codd.
1139 2609 1173 2674 F.
1202 2615 1233 2674 et
1260 2606 1299 2674 G.
1333 2607 1464 2672 inseren-

350 2725 434 2812 dum)
459 2724 550 2802 airum

218 2858 322 2915 368.1.
395 2845 449 2919 Mt
471 2843 593 2910 δέσποτ’
612 2845 708 2920 Alae:
732 2850 833 2912 Τοῦτο
851 2848 1040 2928 Τειιμησσης
1060 2848 1146 2926 ἐστὶ,
1172 2848 1224 2911 roal
1248 2823 1355 2927 ποιρᾶ
1374 2847 1462 2928 μέρος

350 2963 487 3044 γένοντιιι
512 2966 544 3030 ol
569 2965 773 3046 ποιροιμνέιόιι.

393 3085 452 3150 Ριο
484 3085 570 3167 πιιρᾶ
598 3087 686 3167 μέρος
713 3086 899 3153 scribendum
928 3085 1037 3152 κοιτᾶ
1063 3083 1162 3166 μέρος.
1208 3086 1277 3152 Hoc
1304 3086 1403 3166 enim,
1433 3094 1466 3152 et

348 3203 411 3268 ἄνᾶ
435 3204 540 3287 μέρος,
574 3206 738 3290 signifieat:
774 3204 923 3287 vicissim,
959 3206 1079 3272 alternis
1109 3206 1246 3288 vicibus,
1280 3207 1332 3291 qui
1361 3229 1465 3272 sensus

351 3322 401 3388 hio
425 3324 594 3408 requiritur.
639 3324 750 3390 Contra
770 3327 855 3406 πορᾶ
879 3325 967 3408 μέρος
999 3326 1166 3415 signifieat:
1202 3333 1285 3392 extre
1319 3324 1463 3392 ordinem.

351 3439 491 3529 Xenoph.
516 3443 614 3510 Anah.
641 3446 670 3510 7.
695 3447 725 3511 6.
749 3449 789 3510 36
811 3454 1003 3533 opponuntur
1032 3448 1062 3512 ἐν
1082 3447 1124 3527 τῷ
1146 3446 1230 3526 μέρει
1254 3484 1298 3493 -
1318 3447 1404 3525 ποιρᾶ
1427 3447 1462 3509 τὸ

350 3559 450 3640 μέρος.
496 3561 532 3627 Id
554 3549 652 3649 ipsum
675 3566 705 3629 ἕν
726 3564 809 3645 μέρει
840 3572 909 3653 post
940 3588 1034 3652 pauca
1066 3566 1096 3632 in
1123 3567 1179 3631 hoo
1202 3565 1315 3631 scholio
1337 3565 1464 3651 legitur:

351 3686 376 3750 οἱ
401 3684 432 3749 δὲ
460 3685 490 3747 ἕν
516 3682 600 3763 μέρει
626 3684 826 3765 τυγχάνωσιν
855 3685 1061 3766 ἄνοιποιύλης,
1097 3685 1139 3752 ita
1170 3690 1204 3749 ut
1235 3685 1320 3766 πιιρᾶ
1355 3683 1465 3765 μέρος,

350 3803 455 3870 eodem
478 3821 564 3869 sensu
588 3810 784 3890 usurpatum,
806 3804 979 3891 praeoedere
1001 3809 1141 3889 nequeat.

262 3937 322 3992 392.
395 3922 521 3996 Ἐπειδὴ
542 3928 598 3995 τῆς
619 3924 818 4005 ποιροιμνθίοις
836 3927 889 3990 οὐκ
908 3923 1032 3999 ἠδυνήθη
1055 3925 1148 3990 σοιἰτὸν
1168 3925 1364 4004 arenosum,
1384 3926 1468 3989 δοκεῖ

353 4045 387 4109 εἰι
412 4043 642 4127 τούτωνοιύτόν
670 4047 860 4124 μετοιθεῑνοιι.

395 4163 439 4228 Ut
462 4185 566 4229 sensus
587 4164 695 4230 evadat
718 4185 786 4232 oum
810 4165 883 4232 cod.
902 4165 941 4232 G.
961 4164 1168 4232 scribendum:
1192 4165 1297 4239 ἐπειδη
1321 4166 1384 4231 διᾶ
1408 4173 1465 4240 τῆς

353 4282 551 4367 ποιριιμνᾶέοις
577 4307 606 4350 ιι.
618 4309 648 4352 τ.
661 4285 686 4351 ἓ.

263 4419 323 4479 379.
399 4403 476 4470 Aiax
510 4402 541 4468 in
575 4401 714 4489 Ulyssem
737 4402 882 4470 invehens
909 4404 999 4470 dicit:
1035 4405 1067 4468 tn
1093 4401 1182 4470 πᾶνᾶ
1204 4405 1309 4485 ὁρῶν.
1352 4404 1466 4471 Soholi·
