3210 5292
216 711 396 776 Incredibile
419 709 540 774 videtur
563 707 716 793 quomodo
738 729 807 772 cum
823 708 870 772 his
886 709 1090 774 deliramentis
1106 731 1142 774 ec
1156 709 1301 796 coniungi

171 831 342 915 potuerint,
374 851 451 915 quae
480 833 584 913 poetae
616 831 748 890 mentem
779 835 859 892 recte
888 827 1039 894 reddunt:
1065 828 1081 903 il
1109 824 1154 892 ίτι
1181 829 1301 894 καίτοι

171 950 263 1031 uilio
286 949 400 1028 θηρεύει
425 947 438 1010 ὁ
463 949 551 1026 ε’ρῶν,
577 945 630 1008 καὶ
653 944 705 1008 διά
727 942 889 1019 θαλάσσκς
910 944 1018 1010 άπεισι
1038 946 1090 1010 καί
1110 951 1298 1027 πανταχοῦ,

141 1103 142 1106 ¹
169 1068 248 1132 ὥστε
261 1073 314 1132 τοῦ
336 1065 443 1147 ἔρωτος
460 1065 634 1144 ἐπιτυχεῖν.
658 1063 732 1128 Post
751 1063 824 1128 haec
843 1064 932 1130 tertia
947 1064 1062 1150 legitur
1072 1065 1299 1152 interpretatio,

170 1209 262 1271 quae,
283 1207 467 1271 quamquam
484 1205 562 1263 uon,
582 1188 618 1246 nt
635 1181 750 1267 prima,
767 1204 889 1267 prorsus
911 1183 1040 1248 ridicula
1062 1191 1124 1265 est,
1148 1191 1248 1249 tamen
1272 1191 1302 1248 ct

170 1307 234 1391 ipsa
251 1325 394 1390 perversa
418 1309 480 1367 est:
507 1295 590 1375 ἰδίει
612 1301 722 1364 πολλοὶ
746 1308 804 1365 τῶν
827 1303 856 1364 ἕν
879 1297 979 1382 πθντῳ
1004 1303 1117 1383 ἐρῶσιν.
1150 1302 1303 1389 Loquitur

171 1423 252 1488 euim
274 1421 392 1486 (thorus
408 1421 445 1485 de
467 1420 579 1484 Amore
595 1417 747 1500 Venereo,
772 1442 833 1485 non
858 1421 895 1485 de
919 1421 1141 1507 cupiditatibus
1164 1422 1301 1487 cuiusvis

173 1543 303 1629 generis.

82 1679 142 1736 801,
220 1656 310 1737 Οίον,
346 1658 474 1736 δυνάμει
506 1658 723 1738 παρακοθομεν
750 1662 805 1722 τοῦ
837 1656 1007 1737 άρχοντος.
1041 1658 1222 1739 δακρύοντες
1246 1658 1301 1733 τίεν

174 1779 371 1858 Ἀντιγθνιρν,
400 1776 435 1850 ἣν
459 1778 553 1849 αὐτὸς
580 1776 796 1840 κατεδίκασεν.

216 1898 286 1978 Quo
316 1897 405 1962 modo
434 1895 601 1961 Scholiasta
630 1901 735 1980 poetae
765 1895 853 1960 verba
883 1895 1015 1980 intelligi
1042 1897 1135 1978 velit,
1157 1855 1225 1962 'uon
1248 1897 1301 1961 ob·

171 2037 292 2082 scuram
318 2022 373 2082 est.
418 2014 503 2096 Quid
526 2020 626 2079 autem
658 2012 786 2091 δυνάμει
814 2014 872 2078 sibi
896 2014 968 2078 velit
990 2035 1052 2078 non
1077 2015 1179 2095 video,
1205 2035 1300 2100 quum

172 2135 233 2199 iam
267 2134 339 2198 satis
378 2139 470 2212 esset,
505 2134 531 2196 si
566 2131 738 2216 scripsisset
780 2132 998 2211 παρακοθομεν
1039 2128 1107 2198 ποῦ’
1132 2133 1302 2214 άρχοντος,

173 2260 203 2318 et
237 2259 388 2339 praeterea
422 2250 548 2315 verbum
582 2247 769 2330 παρακούειν
804 2273 865 2314 non
897 2273 966 2314 eum
998 2252 1101 2317 dativo
1110 2302 1118 2332 ,
1151 2252 1203 2317 sed
1231 2275 1300 2320 cum

172 2371 315 2457 genetivo
349 2375 557 2447 constructum
594 2370 633 2434 cf.
664 2393 690 2436 e.
706 2393 745 2454 vg.
777 2370 934 2434 annotatio
964 2370 1002 2434 ad
1032 2393 1074 2435 vs.
1099 2371 1181 2435 853:
1205 2369 1234 2434 ἐν
1258 2372 1300 2451 τῷ

173 2492 371 2569 παρακοῦσαι
395 2491 455 2551 τῶν
478 2487 746 2567 προσταγμάτων.

81 2635 165 2706 834„
218 2607 332 2674 Verba:
357 2608 446 2671 άλλθο
461 2605 524 2678 θείς
542 2631 586 2670 τοι
608 2608 659 2670 καί
682 2608 851 2685 θεογεννής,
873 2610 963 2685 ἡμεῖς
984 2611 1014 2673 δὲ
1038 2610 1141 2690 βροτοί
1165 2609 1217 2674 καί
1234 2612 1301 2686 θνη-

173 2736 313 2804 τογενεῖς
331 2749 400 2792 cum
421 2726 591 2791 Scholiasta
613 2749 675 2791 uon
699 2728 742 2790 sic
762 2727 960 2813 intelligenda
977 2735 1065 2807 sunt,
1088 2729 1174 2813 quasi
1185 2729 1303 2796 Chorus

172 2848 345 2912 consoletur
368 2839 553 2931 Antigonam
577 2850 607 2909 et
630 2845 807 2910 adhortetur
830 2851 865 2911 ut
889 2847 1009 2911 fortiter
1024 2869 1071 2911 res
1086 2870 1193 2934 graves
1209 2850 1299 2928 ferat3

172 2966 330 3030 continent
353 2968 434 3030 enim
458 2963 710 3049 vituperationem
730 2964 910 3047 quamdam,
935 2966 992 3030 etsi
1007 2967 1122 3048 levem,
1140 2972 1170 3031 et
1184 2967 1302 3033 Chorus

173 3085 360 3171 Antigonam
399 3082 606 3148 immodestiae
647 3082 765 3167 arguit,
809 3084 911 3168 quod,
944 3085 1010 3170 ipsa
1044 3086 1197 3166 mortalis,
1231 3107 1302 3150 oum

172 3201 290 3283 Niobe,
329 3201 376 3266 dis
410 3207 494 3279 uam,
526 3221 557 3263 se
586 3198 730 3264 conferet.
777 3199 849 3285 Ipsa
880 3202 1033 3288 Antigone
1060 3226 1183 3289 quoque
1209 3204 1302 3270 Chori

172 3320 264 3387 verba
296 3319 338 3384 ita
367 3319 492 3405 accipit,
523 3340 592 3382 nam
624 3318 788 3381 exclamat:
821 3319 898 3397 οίμοι
931 3326 1093 3397 γελῶμαι,
1119 3345 1173 3408 pro
1196 3329 1302 3388 contu·

174 3440 261 3505 melia
293 3437 386 3502 (lbori
416 3435 675 3523 reprehensionem
706 3436 874 3522 accipiens3
906 3439 987 3523 quod
1021 3446 1052 3504 et
1086 3441 1185 3528 ipsum
1216 3442 1301 3506 scho-

173 3560 278 3637 liasta,
308 3563 344 3621 ut
372 3537 596 3632 antecedentia,
628 3576 766 3639 perverse
796 3555 1026 3641 interpretatur:
1057 3558 1112 3639 ὑφ’
1137 3559 1219 3637 ὑμῶν
1243 3583 1298 3638 γε·

174 3683 297 3756 λῶμαι,
324 3671 372 3739 ίτι
394 3676 469 3744 θεοῖς
494 3671 561 3746 lonc
586 3696 628 3748 με
652 3669 777 3749 λέγετε.

82 3819 145 3877 336,
218 3797 245 3861 Ε
268 3796 446 3860 scholiastae
469 3790 586 3856 verbis:
610 3791 717 3855 Καίτοι
743 3815 787 3856 σοι
812 3792 964 3874 Φθιμένρ,
988 3794 1005 3870 t
1033 3794 1171 3877 Φθιρνένῳ
1188 3798 1300 3878 παντί,

173 3914 368 3995 μακαριστὸν
394 3913 432 3978 θιν
459 3910 505 3986 ein
530 3911 565 3974 rt
596 3918 650 3985 τῆς
677 3914 774 3984 αὐτῆς
799 3911 907 3992 μοίρας
935 3921 1046 3993 τυχεῖν
1072 3922 1136 3986 τοῖς
1160 3916 1300 3999 ἰσοθέοις,

173 4040 296 4120 apparet
325 4053 395 4098 eum
425 4053 546 4117 quoque
576 4036 736 4113 utramque
763 4029 922 4097 lectionem
948 4033 1085 4116 Φθιμίνρι
1109 4041 1141 4099 et
1162 4037 1301 4118 Φθιμθνιρ

173 4159 242 4230 ante
265 4151 368 4217 oculos
389 4150 546 4226 habuisse,
571 4171 699 4233 quarum
723 4154 792 4214 utra
815 4156 949 4236 praestet
971 4152 1091 4217 difficile
1121 4159 1166 4218 est
1191 4156 1301 4223 diiudi-

174 4279 262 4352 catu;
292 4270 440 4357 posterior
467 4275 569 4335 tamen
598 4269 693 4354 magis
724 4269 840 4356 placet,
874 4279 909 4336 ut
942 4272 982 4336 sit
1006 4272 1144 4340 universe
1166 4275 1299 4342 dictum:

174 4389 312 4472 φθιμένῳ
338 4389 444 4455 παντί.
