3210 5292
900 485 918 546 2
938 566 941 572 ,

387 688 452 752 Aut
480 683 625 766 λαμπρός
656 685 873 767 omittendum,
906 689 959 754 ant
986 696 1138 774 postrema
1164 691 1253 757 verba
1274 715 1328 779 pro
1351 694 1468 781 integro

344 803 458 868 scholio
480 826 549 869 cum
572 825 626 869 suo
649 803 791 868 lemmate
809 803 1000 890 accipienda:
1020 808 1165 888 λομπρὸς
1187 806 1297 894 (ὥσπερ
1318 809 1466 897 tanavd]

342 917 442 1003 ὥσπερ
463 922 497 986 ἐκ
517 927 572 995 τοῖς
598 922 665 1003 περὶ
689 922 724 986 τὸ
752 920 909 1001 πρόσωπον
937 923 1166 998 καταστάσεως
1190 926 1331 1007 Φοοοδρός.
1379 930 1468 1010 Quod
1578 931 1579 950 l

342 1039 502 1106 Naucldus
531 1062 586 1125 pro
614 1038 759 1121 λαμπρός
784 1039 976 1106 scribendum
999 1043 1143 1128 proponit
1166 1041 1294 1126 Φοιδρῖς
1319 1045 1351 1110 id
1375 1047 1468 1132 igitur

344 1158 573 1224 commendatur
595 1158 720 1224 scholio.

252 1292 313 1352 110.
388 1276 541 1363 Ἀλοντόν]
572 1275 680 1341 ’Ὥστε
716 1277 768 1340 aal
802 1277 935 1356 εὐχερῶς
968 1279 1011 1354 nt
1046 1279 1088 1350 εἰς
1118 1279 1224 1345 πολλοὶ
1247 1279 1464 1359 πλανωμένους

344 1394 486 1477 ἐξευρεῖν.
512 1397 592 1461 Ἀπὸ
622 1399 719 1459 κοινοῦ
744 1394 833 1458 δὲτὸ
861 1391 994 1476 ἔφασκε.

265 1501 268 1508 ’
387 1515 472 1580 Haec
505 1515 602 1600 igitur
634 1513 804 1578 Scholiasta
840 1511 884 1594 ita
913 1512 1045 1597 accepit,
1077 1513 1163 1597 quasi
1192 1513 1345 1599 Apollinis
1375 1516 1467 1582 verba

341 1637 456 1712 essent,
494 1653 582 1716 qnam
623 1629 901 1716 interpretationem
941 1631 1122 1695 recentiores
1156 1631 1287 1696 editores
1321 1634 1414 1698 secut'
1450 1655 1467 1697 e

339 1751 510 1816 coniectura
539 1747 731 1813 Valckenarii
765 1746 916 1829 ἐκφεύγει
942 1753 1099 1812 mutarunt
1121 1747 1153 1811 in
1176 1749 1355 1828 ἐκφεύγειν.
1399 1750 1466 1835 Ego
1578 1809 1579 1814 ,

339 1889 409 1934 vero
440 1868 490 1933 hio
520 1866 599 1932 nihil
628 1865 808 1931 mutandum
840 1887 956 1931 censeo.
1003 1867 1102 1930 Creon
1132 1867 1212 1931 enim
1239 1866 1348 1932 verba:
1373 1868 1407 1932 τὸ
1435 1869 1465 1932 δὲ

338 1985 521 2069 ζητούμενον
547 1984 687 2055 dantia,
714 1983 864 2064 ἐκφεύγει
889 1983 920 2047 δὲ
944 1983 1180 2064 τάμελούμενον
1201 1984 1238 2050 de
1257 2007 1312 2056 suo
1331 1985 1464 2067 addidit,

337 2102 448 2188 quibus
471 2102 624 2188 Oedipum
649 2102 687 2166 ad
702 2101 821 2166 sceleris
836 2101 1016 2167 indefessam
1031 2103 1298 2190 investigationem
1314 2104 1464 2169 incitaret.

336 2220 428 2302 Quod
459 2220 598 2285 consulto
629 2219 672 2282 ita
700 2242 718 2283 a
748 2225 836 2304 poetu
866 2219 1043 2285 institutum
1073 2229 1135 2302 est,
1168 2229 1202 2287 ut
1224 2229 1326 2308 postea
1347 2222 1466 2308 Oedipo

338 2337 473 2424 suspicio
492 2342 669 2421 augeretur,
690 2335 759 2399 dolo
779 2335 856 2399 malo
871 2317 892 2399 'a
911 2336 1040 2401 Oreonte
1059 2338 1131 2403 haec
1152 2339 1195 2404 ita
1208 2346 1464 2437 comparataosse.
1578 2383 1579 2386 =

248 2471 308 2527 130.
382 2455 500 2540 Oedipo
527 2453 645 2538 roganti
669 2453 740 2535 quid
765 2453 967 2538 prohibuisset
990 2455 1154 2538 quominus
1178 2457 1282 2521 statim
1306 2463 1374 2542 post
1397 2457 1465 2522 Laii

336 2595 440 2639 necem
468 2573 533 2637 eius
561 2571 783 2637 interfectorem
814 2572 1031 2658 investigarent
1065 2571 1270 2659 punirentqne
1304 2572 1466 2659 respondet
1577 2645 1578 2660 p

336 2692 449 2758 Oreon:

492 2810 508 2880 η
535 2807 713 2885 ποοκολῳδῖς
739 2805 853 2886 Σφὶγξ
876 2809 910 2871 τὸ
935 2810 1007 2888 πρὸς
1032 2811 1121 2874 ποσὶν
1146 2819 1271 2875 σκοπεῖν

490 2925 641 3002 μεθέντος
668 2926 753 3000 ἡμᾶς
777 2925 909 3003 τοὶφοονη
933 2927 1118 3004 προσήγετο.

379 3041 500 3108 Horum
538 3059 681 3108 versuum
724 3041 799 3106 duas
837 3043 980 3126 praebent
1022 3043 1142 3108 Scholia
1180 3044 1462 3128 interpretationes,
1576 3079 1577 3100 r

335 3179 464 3244 quarum
493 3159 576 3246 prior
604 3181 688 3240 vera,
721 3159 815 3224 altera
845 3164 945 3224 antem
975 3159 1050 3224 falsa
1078 3169 1109 3225 et
1138 3160 1279 3225 absurda:
1306 3163 1322 3235 ἡ
1349 3160 1462 3241 Σφὶγξ
1575 3163 1576 3240 g

335 3275 512 3360 ἡνοῖνκοοζεν
546 3280 650 3356 ἡμᾶς,
683 3277 834 3356 μεῖέντοος
867 3279 902 3341 τὸ
936 3287 1061 3343 σκοπεῖν
1095 3278 1137 3342 rol
1165 3277 1249 3341 acad
1274 3277 1325 3341 τὸν
1349 3277 1461 3358 Φόνον,
1575 3313 1576 3384 p

335 3395 377 3462 τοῖ
401 3396 475 3478 πρὸς
496 3395 586 3462 ποσὶν
605 3397 716 3477 οῖΦοονῖ
737 3396 857 3478 ζητεῖν,
877 3396 1056 3470 τουτέστιν,
1078 3399 1120 3461 τὰ
1139 3401 1249 3476 οῖφκννῖ
1270 3395 1461 3474 οοῖνίνμοοτοο.

377 3513 444 3596 Qui
472 3514 545 3580 haee
572 3513 693 3600 scripsit
720 3535 773 3600 pro
804 3515 847 3578 τὸ
864 3515 948 3595 πρὸς
980 3513 1069 3579 ποσίν
1102 3514 1177 3601 legit
1200 3513 1249 3578 rot
1274 3516 1346 3594 πρὸς
1372 3515 1461 3579 ποσίν

335 3633 460 3698 ethaeo
484 3631 575 3698 verba
598 3630 757 3697 coniunxit
781 3653 848 3697 cnm
874 3654 940 3699 voc.
963 3633 1105 3714 τοῖφκννῖ.

379 3749 525 3836 Sequitur
546 3748 692 3814 scholium
715 3747 753 3812 ad
778 3769 836 3814 vsa

243 3883 305 3940 132.
380 3868 472 3934 Ἀλλ’
507 3867 541 3945 ἐξ
575 3869 738 3946 ὑπορχῆςε
773 3861 869 3934 Adria
906 3867 1006 3948 ζητεῖν
1041 3867 1083 3931 ποῖ
1120 3865 1337 3946 ποοροοκείμενοο
1371 3868 1457 3946 ημῖν.

336 3983 428 4066 Olor,
459 3987 700 4066 οῖνοοδροομοῦμκο
734 3985 784 4048 aa
818 3984 872 4058 την
897 3985 1075 4064 dexterata
1100 3983 1312 4065 προῖνμοοτος,
1337 3985 1389 4050 acl
1414 3986 1458 4056 εἷς

333 4110 400 4187 φῶς
425 4102 501 4182 ἄξω.

346 4227 348 4232 ’
374 4223 560 4288 Acutissimo
586 4221 830 4307 Pappageorgins
854 4220 931 4285 vidit
954 4219 1064 4286 verba:
1089 4214 1177 4292 οὗτος
1202 4221 1303 4302 ζητεῖν
1326 4220 1367 4285 τοὶ
1392 4244 1456 4286 ποο-

322 4340 499 4426 ,panetaria
523 4343 597 4417 ἡμῖν
620 4340 680 4404 hnc
700 4353 763 4404 non
786 4340 956 4425 pertinere,
981 4338 1053 4422 quia
1072 4338 1110 4403 ad
1128 4345 1234 4425 poetae
1250 4338 1343 4405 verba
1361 4338 1456 4404 inter·
