3250 5292
825 485 866 544 84

326 689 388 754 Sua
407 693 513 774 sponte
531 693 656 774 apparet
674 687 747 752 haee
765 709 825 752 non
837 689 985 772 pertinere
1005 689 1043 753 ad
1055 712 1089 754 ee
1109 712 1186 774 quse
1198 689 1320 755 Orestes
1332 690 1408 756 dieit

282 827 326 870 vs.
352 808 454 886 1288,
489 804 531 869 τόι
558 804 615 882 μὲν
638 804 861 884 περισσεύονται
883 807 943 870 τῶν
970 806 1072 884 λόγων
1098 805 1201 888 όίφες,
1231 808 1283 872 sed
1311 808 1409 874 conti·

281 944 352 988 nere
374 922 652 1009 interpretationem
674 944 777 990 eorum
800 945 878 1008 quae
901 929 1003 990 monet
1026 947 1071 991 vs.
1090 927 1193 1006 1292,
1217 924 1325 1006 χρόνον
1343 927 1407 1008 γόιρ

283 1040 322 1105 σ’ίν
346 1064 391 1108 σοι
415 1043 518 1123 καιρόν
542 1043 671 1124 ἐξείργοι
698 1040 804 1120 λόγος.

327 1161 484 1226 Praeterea
506 1184 523 1227 e
545 1162 643 1228 verbis
665 1163 721 1234 τὴν
744 1162 903 1242 εὐκαιρίαν
928 1164 988 1226 τῶν
1020 1160 1199 1240 μελλόντων
1227 1165 1406 1244 ταραχθῆναι

282 1279 348 1346 iure
379 1280 520 1346 Reiskius
555 1281 679 1365 collegit
712 1280 902 1346 scholiastam
936 1303 990 1367 pro
1023 1280 1132 1362 χρόνον
1163 1281 1272 1367 legisse
1299 1280 1407 1363 ἔργον,

282 1398 363 1482 quod
389 1399 490 1486 ipsum
512 1404 614 1464 nostro
637 1397 703 1462 1000
725 1398 887 1483 legendum
910 1400 1065 1485 proponit:

483 1514 573 1596 ἔργον
597 1517 658 1596 γόιρ
683 1514 721 1579 σ’ίν
745 1539 790 1580 σοι
814 1517 917 1592 καιρὸν
941 1517 1070 1598 ἐξείργοι
1097 1518 1202 1596 λόγος.

173 1653 251 1710 1389,
326 1634 364 1700 In
387 1633 474 1700 libris
495 1633 621 1718 legitur:

605 1751 678 1816 ὥστ’
698 1756 731 1817 οὐ
754 1753 880 1832 μακρὰν
903 1753 949 1818 ἔτ’
968 1757 1147 1834 σίμμένει

545 1871 658 1949 τούμόν
683 1874 800 1953 φρενῶν
823 1871 930 1951 όνειρον
953 1874 1164 1953 αίαροιίμενον.

279 1996 311 2055 et
341 1990 443 2056 eodem
475 1990 565 2055 modo
590 1990 622 2056 in
646 1991 753 2056 scholii
775 1991 916 2056 lemmate
939 1992 1084 2078 seriptum
1109 1999 1169 2060 esi:
1193 1991 1268 2058 ὥστ’
1284 1997 1318 2059 οὐ
1341 2020 1405 2072 μα-

279 2110 354 2190 κρὰν
386 2107 431 2172 ἔτ’
459 2109 604 2186 σίμμίνει.
666 2109 712 2174 Ex
745 2109 820 2195 ipsis
854 2116 954 2174 autem
987 2110 1092 2175 scholii
1126 2111 1240 2193 verbis,
1275 2112 1297 2177 ἃ
1332 2115 1405 2179 κατ’

279 2229 418 2308 ἑμαντίιν
444 2228 674 2309 ὧνειρστόλονν,
698 2230 752 2293 οὐκ
776 2229 819 2300 είς
844 2226 970 2308 μακρόιν
996 2226 1114 2293 ἔσται
1141 2227 1301 2312 μετέωρα,
1328 2233 1405 2297 ἀλλ’

279 2348 385 2421 siries
409 2347 723 2422 τελεσθήσεται,
749 2346 815 2411 iure
833 2346 1008 2412 restitutum
1029 2353 1075 2412 est
1095 2347 1230 2414 futurum
1248 2351 1404 2430 οίμμενεί,

281 2465 363 2550 quod
386 2489 490 2532 sensus
512 2465 658 2552 postulat.

172 2605 252 2662 1404,
326 2583 367 2650 Αί
390 2583 443 2662 αί,
475 2584 507 2649 is
532 2583 665 2663 στόγαιε
689 2565 780 2655 ”Eoos
806 2580 913 2662 ἔχουσι
937 2581 980 2647 τόι
1005 2583 1162 2662 γεγονότα
1193 2585 1274 2651 ἔνδον
1297 2588 1408 2664 σίταγ-

282 2702 411 2778 γίλλειν
434 2710 497 2774 τοῖς
523 2700 579 2778 ἔξω
604 2702 630 2766 σί
667 2700 815 2780 οίγγελοι·
846 2705 898 2765 νῦν
922 2699 970 2780 δέ,
1007 2700 1058 2765 irai
1088 2703 1123 2766 τό
1158 2704 1202 2782 μίι
1238 2703 1408 2786 διατρίβειν

283 2822 314 2884 ἒν
347 2819 390 2899 τῷ
426 2820 583 2901 δρόμοισι,
619 2823 672 2886 οὐκ
708 2819 860 2894 ἐποίησεν.
907 2824 1009 2884 Τοῦτο
1047 2821 1109 2901 γαρ
1144 2822 1339 2901 προκείμενον
1373 2825 1409 2888 τό

283 2941 369 3006 κατὰ
401 2941 456 3011 τὴν
486 2937 661 3020 Ἠλέκτραν
694 2937 759 3003 ἐστὶ
795 2937 903 3008 erdere·
939 2943 990 3001 νῦν
1020 2939 1120 3003 τοίνυν
1154 2940 1273 3017 βοώσας
1306 2941 1337 3002 ἕν
1368 2949 1408 3021 τῇ

282 3058 436 3142 οίναιρέσει
471 3064 527 3132 τῆς
563 3056 866 3134 Κλυταιμνήστρας,
900 3055 1004 3120 οίαοιίει
1038 3056 1052 3118 ό
1085 3058 1214 3137 θεατής,
1247 3059 1299 3123 καί
1330 3061 1407 3137 ἔνερ-

282 3178 429 3258 γέστερον
464 3177 500 3242 τό
534 3177 673 3257 τρῖιγμα
706 3174 848 3253 γίνεται,
885 3174 902 3249 ἢ
930 3174 968 3237 δι’
1000 3171 1143 3252 οίγγέλον
1171 3175 1406 3255 σημαινόμενον·

283 3298 336 3362 καί
364 3295 398 3362 τό
430 3296 488 3374 μὲν
513 3294 658 3376 Φιρτικόν
683 3300 739 3367 τῆς
763 3291 861 3372 όψεως
887 3291 1030 3372 cirris-sn,
1056 3290 1092 3356 τί
1118 3292 1149 3357 δὲ
1175 3294 1301 3373 ἐναργὲς
1324 3293 1406 3359 οὐδὲν

284 3412 376 3490 ἧσσον
398 3415 451 3480 καὶ
476 3413 527 3482 see
548 3420 605 3488 τῆς
628 3413 704 3491 βοῆς
731 3409 1033 3492 ἐπραγματεύσατο.

328 3533 415 3600 Bona
444 3530 629 3610 observatio,
660 3529 733 3595 lieet
762 3528 852 3594 verbs
875 3550 938 3593 non
961 3550 999 3593 ex
1021 3527 1104 3593 omni
1126 3534 1210 3613 parte
1231 3549 1304 3593 sans
1324 3528 1409 3592 vide-

284 3659 384 3720 antur.
425 3651 461 3716 In
479 3647 631 3736 prioribus
650 3670 704 3734 pro
735 3649 767 3712 οί
794 3645 980 3726 ἄγγελοι
1004 3644 1212 3726 scribendum,
1235 3646 1340 3726 eredo,
1363 3652 1409 3712 est

284 3771 328 3838 δι’
348 3769 548 3849 σίγγίλον.
591 3763 636 3830 Ut
664 3765 745 3831 enim
767 3787 849 3832 nune
871 3764 1023 3831 scholium
1045 3763 1170 3850 legitur,
1193 3762 1253 3828 duo
1276 3763 1408 3829 membre

284 3889 347 3963 ἔίος
383 3887 491 3968 ἔχουσι
525 3925 568 3936 -·
602 3886 626 3950 οί
659 3883 795 3963 όιγγελοι
824 3889 855 3949 et
886 3889 938 3949 νῦν
970 3882 1003 3948 δέ
1033 3919 1077 3933 -
1107 3884 1161 3947 οὐκ
1184 3880 1325 3956 ε’τοίασεν
1347 3903 1408 3947 non

284 4014 367 4075 recte
393 4007 453 4074 sibi
483 4010 695 4094 opponuntur,
721 4027 820 4089 neque
850 4004 973 4069 omnino
1002 4002 1109 4084 verbs,
1140 4000 1203 4074 ἕίος
1234 3999 1341 4081 ἔχουσι
1365 4038 1409 4052 -

285 4131 310 4193 σί
340 4126 476 4205 ίογγελοι
507 4125 619 4190 bonum
646 4145 767 4189 sensum
789 4123 928 4210 praebere
951 4122 1026 4188 mihi
1049 4121 1209 4202 videntum
1232 4126 1353 4200 conire,
1382 4119 1408 4183 si

283 4247 396 4333 legitur
429 4245 466 4309 δι’
496 4239 656 4322 σίγγέλσν,
690 4240 794 4306 omnia
822 4261 893 4306 sarrs
923 4245 994 4307 sunt
1025 4244 1056 4304 et
1083 4244 1163 4306 reete
1186 4237 1323 4325 procedit
1344 4257 1410 4302 sen·

284 4364 397 4444 tentia3
420 4369 486 4428 ium
510 4359 590 4425 enim
609 4360 716 4441 verba,
740 4357 802 4430 ἔίος
825 4357 931 4438 ἔχουσι
952 4358 994 4422 τόι
1014 4357 1170 4436 γεγονότα
1192 4355 1273 4422 ἔνδον
1296 4356 1407 4433 οίταγ-
