3250 5292
854 439 894 503 80

314 647 450 717 Uolcacio
478 644 522 710 δέ·
553 647 587 710 οὐ
619 645 681 727 γὰρ
706 644 767 727 χρὴ
799 646 830 710 ἕν
859 653 931 716 τοῖς
962 644 1157 724 ἀντιλογίαις
1186 646 1351 726 θυμοῦσθαι
1380 649 1432 713 τὸν

315 767 488 844 ἡττώμενον
520 763 606 852 (cod.
634 764 673 831 G.
707 763 900 852 ἡττημένον).
937 763 1132 830 Manifestum
1163 771 1212 830 est
1244 764 1432 832 scholiastam

313 886 370 951 hae
392 884 638 973 interpretatione
660 884 799 952 Electrae
820 905 881 950 non
900 881 1151 970 Clytaemestrae
1173 882 1263 950 verbe
1285 891 1431 972 spectere3

312 1003 461 1070 scholium
487 1004 581 1092 igitur
602 1026 665 1071 nou
687 1005 726 1070 ed
747 1004 855 1070 lemma
880 1004 1045 1090 praefixum
1068 1003 1255 1070 referendum
1286 1010 1350 1083 est,
1378 1005 1431 1072 sed

312 1123 350 1190 ad
372 1123 461 1190 verbe
481 1124 617 1190 Electrae
640 1123 774 1212 proxime
796 1121 1022 1202 antecedentia,
1044 1143 1173 1208 quornm
1197 1127 1276 1189 recte
1295 1123 1431 1190 continet

312 1243 597 1330 interpretationem.
641 1241 729 1310 Dicit
750 1243 829 1308 enim
852 1241 972 1308 Electra
994 1264 1039 1308 vs.
1063 1243 1141 1307 628:

515 1363 604 1446 ὂρᾷςς
629 1362 702 1444 πρὸς
726 1362 817 1444 ὀργὴν
841 1360 982 1443 ἐκφέρει,
1007 1359 1138 1440 μεθεῖσά
1160 1385 1211 1441 μοι

512 1483 616 1562 λέγειν
639 1481 661 1548 ἃ
684 1481 840 1566 χρῄζοιμ’,
865 1481 926 1547 οὐδ’
946 1480 1116 1547 εἰιίοτοιοοιι
1140 1481 1255 1548 κλύειν.

314 1601 425 1688 quibus
448 1603 570 1690 respicit
592 1601 696 1669 matris
722 1602 824 1668 verba:
849 1603 908 1689 (vs.
933 1605 1008 1690 556)
1032 1603 1093 1668 Kal
1117 1603 1178 1681 μὴν
1201 1602 1329 1684 ἐφίημι,
1353 1623 1431 1687 qnae

313 1720 475 1788 scholiasta
487 1721 711 1807 qnoqueeffert.
746 1720 865 1803 Quodsi
877 1721 1087 1787 veraesthaeo
1105 1721 1274 1787 observatio
1295 1721 1431 1787 futurum

313 1843 458 1921 ἐμμενεῖς
472 1840 647 1907 mutandam
659 1841 716 1906 erit
727 1841 759 1906 in
771 1864 909 1928 praesens
927 1841 1082 1922 ἑμμένειο.
1104 1840 1257 1907 Nimirum
1273 1846 1432 1928 postquam

313 1961 422 2027 salsum
448 1961 559 2026 lemma
580 1959 695 2027 scholio
725 1961 889 2047 praefixum
922 1966 967 2027 est
992 1945 1135 2040 ἕμμένεις
1159 1967 1310 2026 mutatum
1332 1964 1378 2025 est
1400 1958 1432 2024 in

314 2081 478 2160 ἕμμενεῖς,
502 2087 537 2146 ut
559 2103 630 2146 cum
652 2079 800 2147 lemmatis
821 2081 925 2148 futuro
948 2079 1050 2154 ἕοέσειο
1074 2087 1263 2168 congrueret.

225 2220 286 2278 642,
361 2200 477 2283 Σπείριι
501 2199 661 2280 auectas:
692 2199 738 2264 Τὸ
765 2199 907 2278 accolae
935 2203 994 2266 ,οὐκ
1027 2199 1092 2266 ἔστι
1121 2199 1237 2282 ψευδῆ,
1272 2201 1348 2264 ἀλλ’
1377 2201 1432 2263 olv-

315 2326 434 2403 οιφελῆ·
465 2319 502 2386 τί
528 2320 590 2402 γὰρ
626 2318 754 2401 προὶξοι,
787 2319 857 2392 τοὺς
893 2324 1082 2402 κροτοῦντας
1116 2319 1354 2399 διιοβοὶλλονοοος
1390 2320 1430 2386 Et

314 2465 414 2509 rursus
448 2442 553 2509 eodem
590 2461 695 2508 sensu:
730 2442 833 2522 κενήν,
867 2439 918 2507 διὰ
953 2442 988 2506 τὸ
1023 2441 1119 2520 μηδὲν
1150 2442 1247 2516 ababa
1282 2439 1428 2506 δύνασθαι

313 2561 442 2644 apollion.

359 2681 446 2763 Quae
468 2681 544 2748 falso
565 2682 712 2768 explicata
735 2704 797 2748 esse
820 2682 1009 2770 perspicuum
1031 2689 1087 2750 eet.
1131 2681 1164 2750 si
1195 2681 1273 2748 enim
1305 2680 1430 2746 rumori·

315 2801 387 2882 bus,
411 2822 486 2887 qnos
507 2823 560 2888 per
581 2800 686 2871 urbem
708 2800 828 2867 Electra
851 2800 1031 2883 effunderet,
1054 2799 1305 2888 Clytaemnestraa
1327 2801 1432 2887 Aegis·

315 2920 427 3006 tboque
460 2919 537 2985 nihil
569 2920 670 2986 noceri
705 2926 838 3007 poterat,
878 2943 939 2986 non
977 2927 1039 2986 erat
1077 2921 1159 3005 quod
1196 2920 1432 3008 Clytaemnestra

314 3045 465 3106 vereretur
486 3059 586 3104 coram
609 3037 725 3106 Electra
748 3038 919 3126 Apollinem
941 3039 1079 3127 precibus
1102 3040 1194 3107 adire.

359 3158 457 3226 Immo
490 3158 559 3238 hic,
593 3164 629 3224 ut
661 3180 748 3245 saepe
783 3156 870 3240 alibi,
905 3156 1038 3238 μοὶοοιιοο
1070 3158 1222 3245 significat
1249 3159 1328 3225 idem
1352 3158 1434 3245 quod

315 3278 449 3360 ψευδής,
483 3300 544 3363 qua
577 3276 796 3364 significatione
826 3279 918 3344 etiam
950 3277 1126 3345 adverbium
1159 3276 1265 3358 μοὶτνν
1300 3277 1435 3364 usurpari

316 3401 419 3462 notum
439 3403 500 3463 est:
517 3396 674 3479 λέγοντες,
695 3395 753 3462 εἴτ’
770 3399 882 3473 cautla
899 3399 957 3464 εἴτ’
970 3397 1019 3481 ἄρ’
1042 3393 1091 3465 οὖν
1106 3397 1223 3478 adanu.
1241 3397 1330 3485 (Phil.
1345 3397 1433 3482 345).

226 3547 288 3605 550,
362 3514 455 3581 Ἀλλ’
485 3512 540 3582 ὧδέ
586 3520 621 3594 μ’
649 3516 710 3584 clei
742 3517 859 3600 ζῶσοονε
904 3519 950 3584 Τὸ
984 3515 1052 3585 δ’λον
1094 3520 1166 3600 ὑπὲρ
1200 3523 1254 3583 τοῦ
1287 3515 1434 3594 Αἰγίσθου

315 3633 457 3716 εὔχεται·
482 3635 533 3701 aa
558 3637 590 3702 δὲ
613 3642 667 3702 τοῦ
691 3640 915 3720 πληθυντικοῦ,
939 3643 993 3704 τοῦ
1027 3638 1153 3723 φίλους,
1187 3633 1280 3726 (recle
1302 3637 1434 3706 Brnnck.

314 3753 447 3841 φίλοισι)
473 3755 508 3820 τὸ
531 3754 683 3838 οολμιιρόν
708 3762 762 3823 τοῦ
787 3756 882 3837 λόγου
909 3756 1121 3839 ἐπεκάλυψεν.

360 3873 483 3963 Spectat
505 3874 601 3962 igitur
622 3877 768 3943 scholium
792 3877 831 3943 ad
854 3899 899 3944 vs.
924 3881 997 3945 652.
1021 3879 1142 3962 φίλοισί
1164 3903 1199 3945 τε
1222 3878 1370 3958 ξυνοῦοοιν
1391 3873 1434 3950 οἷς

317 3993 438 4074 ξύνειμι
463 3998 532 4072 νῦν,
555 4018 652 4084 neque
674 4018 744 4063 oum
767 3997 908 4064 lemmate
930 3997 1084 4066 convenit.

229 4139 290 4198 535,
362 4114 475 4181 Poetae
496 4115 606 4182 verba:

520 4234 627 4317 δρόμου
651 4238 679 4303 δ’
698 4240 812 4310 irtaco
837 4249 874 4322 τῇ
898 4239 992 4324 Φύσει
1016 4241 1057 4305 τοὶ
1080 4239 1225 4323 τέρμοοοο

518 4354 600 4432 alano
624 4354 705 4436 ἔχων
729 4357 838 4436 ἐξῆλθε
861 4357 1014 4438 naariae
1038 4360 1145 4442 γέροος.
