3210 5292
872 483 914 540 44

329 687 510 774 pageorgius
531 684 649 766 inserit)
676 683 731 759 ἔξω
754 689 808 756 τῆς
833 681 1020 761 ἀμεριμνίας
1047 682 1088 752 εἰς
1113 680 1280 762 Φρνντίδκς
1306 682 1454 760 εἰσῆλθεν,

329 804 468 885 νὶκτείρεν
493 803 536 868 ccl
564 803 637 867 κατ’
658 801 725 882 ἐμέ.

374 923 485 988 Sensus
507 921 663 986 verborum
688 921 826 986 futurum
850 920 987 1004 requirit.
1032 920 1093 985 Pro
1128 919 1330 1000 οἱκτείρεν
1362 921 1457 1005 igitur

330 1042 522 1108 scribendum
546 1042 738 1120 οἰκτερεῖ.

241 1177 302 1236 207.
375 1164 413 1225 ‘0
438 1159 680 1242 μελλόνυμφνςε
703 1159 745 1223 El
766 1182 814 1229 τις
838 1156 1063 1238 asserverasti
1088 1158 1187 1235 ἐστιν,
1218 1156 1281 1220 εἴτε
1304 1180 1452 1235 reymon-

330 1279 406 1360 κώς,
431 1277 540 1356 ἡκέτω.

374 1399 461 1465 Unus
483 1398 586 1464 Codex
608 1419 662 1483 pro
685 1396 781 1468 εἴτις
808 1395 930 1481 praebet
954 1393 1018 1457 εἴτε
1039 1418 1104 1470 τις,
1129 1396 1211 1478 qnod
1223 1396 1451 1482 recipiendum:

329 1516 392 1582 εἴτε
417 1539 464 1587 τις
488 1511 711 1596 μελλδννμφός
740 1515 839 1592 ἐστιν,
866 1511 929 1576 εἴτε
951 1514 1164 1592 γενκμνκώς,
1190 1511 1299 1586 ἡκέτω.

242 1654 303 1712 287,
377 1636 477 1700 Αὐτὸν
512 1634 538 1696 δ’
570 1635 698 1698 ε’κεῖνννῑ
742 1633 787 1696 Τὸ
823 1630 905 1706 ἑξῆς·
943 1632 1037 1697 αὐτὸν
1076 1631 1179 1712 Φρόνεν
1225 1631 1349 1710 ἥξοντα·
1370 1655 1453 1726 Ιτον-

331 1755 436 1828 τέστν,
463 1752 634 1834 προσδόκα,
659 1748 732 1817 tter
763 1751 812 1815 ht
843 1756 897 1823 τῆς
926 1749 1031 1822 tocies
1056 1749 1174 1834 κκθνὶρμ
1198 1751 1291 1815 αὑτὸν
1314 1751 1378 1815 ἀπὸ
1400 1757 1453 1816 τοῦ

329 1875 435 1958 Φόνου.
881 1849 884 1856 .

371 1991 527 2056 Postrema
557 1990 714 2054 continent
744 1989 849 2055 falsam
873 1990 1032 2054 verborum
1054 1989 1140 2066 syro
1165 1989 1293 2067 θύμκτνν
1315 1990 1457 2076 interpre

328 2109 493 2187 tationem,
519 2107 764 2191 qnandoquidem
788 2128 850 2171 non
869 2106 906 2171 de
925 2107 1075 2192 expianda
1093 2108 1183 2172 caede
1202 2108 1260 2171 hoc
1279 2107 1346 2173 loco
1362 2131 1457 2173 sermo

329 2235 389 2306 est;
412 2226 490 2290 hanc
520 2224 599 2289 enim
625 2225 772 2290 Hercules
800 2225 958 2304 servitute,
983 2247 1074 2309 quam
1098 2225 1178 2311 apud
1200 2225 1370 2312 Omphalen
1392 2250 1457 2312 pss-

330 2367 380 2409 sns
404 2349 480 2425 erat,
504 2344 567 2408 iem
589 2344 779 2429 expiaverat,
801 2348 833 2408 et
855 2348 1008 2429 praeterea
1031 2344 1096 2429 ipse
1120 2353 1209 2430 poeta
1239 2344 1349 2409 diserte
1373 2345 1458 2410 addit

331 2462 429 2549 (ἁγνὰ
455 2461 596 2544 tiraces)
620 2468 676 2535 τῆς
701 2460 857 2533 ἁλώσεως.

375 2581 449 2645 Post
471 2578 625 2660 νρνσδδκκ
649 2578 783 2644 Brunck.
808 2579 846 2644 de
869 2602 923 2645 suo
947 2580 1066 2646 addidit
1083 2583 1176 2646 κύτὸν
1193 2580 1285 2659 ἥξειν.
1318 2581 1457 2646 Fortasse

332 2697 481 2784 scripture
502 2699 623 2786 vulgata
645 2706 788 2782 corrupte
810 2705 856 2762 est
880 2721 914 2762 ex
939 2697 1093 2778 προσδόκκ
1117 2701 1228 2774 αὐτὸν,
1253 2697 1339 2765 trev.

143 2869 147 2878 .
242 2841 301 2898 239¹
375 2816 495 2902 Λόγον]
520 2821 585 2881 Τοῦ
610 2816 691 2893 ἥξειν
719 2817 842 2880 ἐκεῖνον.

375 2935 412 2998 In
440 2933 563 2998 scholiis
591 2929 810 2998 recentioribus
833 2939 952 3012 tamen,
977 2957 994 2996 a
1017 2933 1305 3015 Dindorfioeditis,
1325 2937 1456 3022 legitur:

329 3058 419 3116 τοῦτο
450 3051 528 3138 γὰρ]
556 3053 590 3116 τὸ
618 3050 699 3130 ἥξειν
723 3053 846 3116 ἐκεῖνον.
892 3053 999 3132 Recte,
1032 3057 1066 3118 ut
1096 3053 1214 3138 opinor.
1259 3053 1348 3118 Dixit
1377 3055 1455 3119 enirn

329 3171 456 3236 Lichas:
718 3240 720 3245 ,
849 3174 938 3234 τοῦτο
962 3170 1025 3250 γὰρ
1048 3169 1144 3247 λόγον
1381 3166 1384 3173 ’

508 3293 626 3353 πολλοῦ
653 3294 757 3360 κκκῶς
785 3288 951 3369 λεχθέντος
976 3275 1095 3364 titiones
1121 3289 1235 3355 κλύειν.

329 3411 385 3473 hoc
412 3414 474 3473 est:
505 3407 585 3472 inter
608 3407 705 3473 multe
725 3409 805 3473 laeta
830 3431 906 3493 quse
930 3408 989 3473 tibi
1016 3409 1174 3490 nuntiavi,
1198 3410 1253 3474 hoc
1283 3411 1330 3474 vel
1356 3410 1456 3474 laetis·

329 3525 438 3591 simum
468 3532 514 3589 est
542 3525 666 3604 euditn;
696 3524 830 3605 scilicet,
870 3527 1012 3591 maritum
1051 3534 1137 3591 tunm
1177 3527 1336 3592 Herculem
1371 3528 1456 3592 brevi

330 3645 529 3708 adventurum
555 3663 627 3707 esse.
676 3642 759 3707 Hinc
784 3644 975 3708 manifestum
998 3650 1044 3709 est
1066 3644 1216 3710 scholium
1240 3643 1320 3722 ἥξειν
1345 3647 1456 3711 ἐκεῖνον

331 3763 368 3827 sd
391 3765 480 3826 τοῦτο
488 3810 496 3840 ,
522 3781 583 3824 non
610 3759 649 3824 ed
672 3760 768 3838 λόγον
792 3766 934 3847 spectare.

195 3901 257 3958 308,
276 3903 301 3958 3,
376 3880 454 3960 Πρὸς
480 3879 537 3956 μὲν
560 3878 621 3959 γὰρ
645 3878 757 3960 φύσινε
779 3879 877 3943 “Occu
899 3880 956 3955 μὲν
972 3879 1034 3961 γάρ
1050 3881 1133 3945 ἐστιν
1150 3883 1184 3945 ἐκ
1199 3889 1254 3956 τῆς
1273 3882 1394 3957 ἡλικίας
1412 3921 1457 3934 -

330 3996 554 4079 στοχάζεσθκν.

372 4113 432 4180 Pro
462 4116 561 4195 ἐστιν,
594 4117 677 4200 quod
706 4116 789 4180 Edit.
814 4117 899 4180 Rom.
924 4121 955 4180 et
977 4116 1111 4183 Brunch.
1134 4119 1301 4201 omittunt,
1326 4121 1455 4187 scriben-

329 4233 401 4298 dum
432 4231 533 4312 ἔστιν;
562 4234 715 4320 significat
745 4232 846 4311 enim,
877 4240 1022 4316 quantum
1049 4233 1196 4301 coniicere
1219 4237 1299 4304 licet.
1347 4241 1455 4306 Multis

253 4382 256 4388 ·
328 4351 361 4416 in
384 4351 432 4416 his
456 4349 579 4416 scholiis
602 4351 695 4430 locis,
720 4350 824 4416 eadem
848 4352 992 4417 correctio
1016 4351 1186 4418 adhibenda
1209 4362 1264 4421 est.
