3250 5292
729 469 768 532 57

234 677 271 742 Ιιι
303 678 350 743 his
372 677 454 765 prius
477 639 581 755 μέγαν
605 697 823 761 supervacuum
846 681 901 740 est.
947 674 1125 750 Ἰπποδέτκς
1149 676 1237 758 ῥντάρ
1262 683 1307 742 est
1337 751 1340 758 ρ

191 797 286 876 enim,
316 802 350 862 ut
372 801 451 862 recte
476 794 641 861 Scholiasta
663 796 894 881 interpretatur,
916 794 1067 876 χαλινός,
1092 819 1152 862 non
1175 799 1306 878 χαλινὸς

189 914 315 994 μέναςς
347 917 404 980 hoo
433 917 531 1002 ipsum
559 914 739 982 vocabulum
768 912 873 993 μένας
905 915 985 979 enim
1013 938 1031 980 a
1057 921 1146 1002 poeta
1168 917 1306 982 additum

191 1043 237 1102 est
254 1040 374 1123 propter
394 1018 627 1116 Aiaoemzcrplo
648 1033 682 1098 τθ
701 1032 874 1115 πικρότερον
896 1032 1100 1114 καθάψασθαι
1115 1041 1170 1101 τοῦ
1187 1038 1306 1118 ἐχθροῦ.

99 1173 162 1228 250.
235 1155 398 1222 Scholiasta
420 1177 481 1219 uon
502 1154 673 1241 intelligens
695 1152 799 1218 verba:
824 1152 886 1217 θοὸν
907 1141 1036 1233 εἰρεσίας
1055 1153 1146 1236 ζυγόν
1168 1155 1306 1238 ἑζόμενον

190 1273 363 1355 ποντοπόρῳ
390 1271 443 1338 ναῒ
464 1275 619 1354 μεθεῖναι,
643 1294 719 1337 vana
742 1277 911 1337 commenta
927 1272 1015 1338 nohis
1034 1273 1188 1340 obtrudit:
1211 1274 1305 1341 ἕκασ-

189 1417 240 1460 τον
273 1396 375 1477 ἡμῶν,
407 1393 505 1476 φησὶ,
542 1394 590 1458 δεῖ
612 1392 770 1471 μεθεῖναι,
804 1390 983 1475 τουτέστιν,
1016 1395 1105 1474 ῥῖψαι
1136 1395 1244 1461 ἑαυτὸν
1276 1399 1307 1462 ἐν

189 1513 239 1589 vni*
259 1513 312 1579 καθ
335 1519 461 1596 coyata.
1148 1592 1151 1597 Ι

232 1634 362 1700 Ιιοοοόίο
394 1633 525 1714 εἰρεσίαν
557 1632 611 1698 ναῒ
640 1634 776 1712 μεθεῖναι
810 1634 921 1699 dicitur
950 1634 987 1698 de
1019 1633 1094 1699 velis
1122 1635 1247 1717 dandis,
1270 1637 1307 1701 de

191 1753 277 1819 celeri
300 1753 385 1840 fuga,
408 1752 583 1839 metaphora
605 1758 724 1840 sumpta
748 1777 765 1819 a
787 1753 922 1818 laxandis
945 1754 1046 1819 frenis.

44 1889 115 1948 257,
136 1890 161 1945 κ,
234 1874 271 1944 ὡς
296 1869 459 1952 γινομένων
484 1877 571 1938 τινῶν
594 1873 726 1952 σνμεόων
750 1872 800 1938 ἐπὶ
823 1879 889 1945 τοῖς
913 1872 1105 1952 πνεύμασιν,
1133 1871 1212 1940 άστε
1235 1899 1306 1941 πα-

189 1992 396 2077 ρατείνειν
421 1988 522 2066 αὐτά,
548 1993 565 2066 θ
588 1993 713 2074 ταχέως
736 1994 990 2059 πεπαῦσθαι.

232 2113 395 2179 Manifesto
417 2114 490 2179 haeo
509 2121 650 2200 corrupta
665 2120 754 2194 sunt;
777 2114 868 2180 verba
886 2112 968 2180 euim
986 2114 1182 2195 παρατείνειν
1203 2119 1234 2180 et
1250 2139 1306 2181 πε-

188 2234 325 2298 παῦσθαι
358 2232 402 2297 sio
431 2231 490 2297 sibi
519 2254 579 2298 nou
597 2234 822 2320 opponuntur,
855 2240 885 2298 et
908 2238 1060 2320 praeterea
1081 2233 1164 2320 ipsa,
1187 2235 1224 2301 (le
1246 2258 1306 2322 qua
1339 2313 1341 2316 ¹

188 2352 304 2440 agitur,
335 2374 381 2417 res
410 2353 547 2418 futurum
573 2357 692 2440 tempus
722 2352 867 2439 requirit,
897 2352 941 2418 ita
971 2358 1006 2418 ut
1035 2352 1077 2418 sit
1099 2353 1304 2421 scribendum:

189 2469 266 2538 άστε
290 2480 546 2553 παρατενεῖν
569 2470 671 2554 αὐτά,
696 2471 712 2546 t
737 2470 862 2553 ταχέως
887 2471 1194 2538 πεπαθσεσθαι.

89 2611 160 2668 ool.
233 2592 370 2668 Μκδενός
390 2591 489 2658 άλλον
507 2589 788 2673 παραπράξαντοςε
812 2586 899 2665 Oios,
916 2592 1043 2670 μηδενός
1062 2592 1303 2675 συμπράξαντος
1371 2577 1373 2580 .

189 2715 241 2780 acl
261 2711 478 2794 μετασχόντος
501 2716 559 2776 τῶν
579 2710 825 2792 ἁμαρτημάτων·
848 2714 865 2788 ά
886 2712 948 2794 γάρ
969 2712 1106 2779 κοινωνία
1123 2719 1183 2780 τῶν
1202 2713 1305 2796 νόμαρ-

190 2834 339 2912 τνμάτων
361 2833 447 2917 φέρει
470 2832 541 2898 τινά
565 2830 776 2914 παραμνθόαν·

231 2954 410 3020 Rectissime
436 2951 595 3018 verborum
626 2974 746 3019 sensum
773 2952 878 3039 aperit.
924 2951 1006 3018 Male
1029 2976 1098 3020 vero
1111 2955 1168 3022 his
1191 2955 1306 3021 accedit

189 3074 373 3140 observatio:
404 3073 533 3153 περισσά
565 3071 594 3136 δὲ
625 3075 642 3149 ἦ
674 3096 759 3154 παρα
789 3071 937 3153 πρνθὲσις.
982 3071 1055 3138 Nou
1080 3074 1160 3139 enim
1183 3098 1305 3162 praepo-

189 3195 260 3260 sitio
284 3216 468 3280 supervaoua
491 3199 551 3274 est;
573 3214 642 3258 nam
665 3192 698 3257 id
719 3192 819 3278 ipsum
842 3192 880 3257 da
902 3214 963 3277 quo
983 3191 1141 3257 scholiasta
1158 3192 1304 3278 loquitur,

191 3313 412 3395 άμαρτιθματα
444 3313 530 3394 dico,
558 3310 648 3377 verbo
676 3311 961 3393 παραπράξαντος
985 3312 1072 3378 inest.
1102 3311 1203 3379 Verba
1225 3313 1305 3381 enim

191 3454 259 3498 oum
287 3399 507 3520 praepositione
535 3454 621 3512 παρα
643 3432 809 3518 composita
832 3431 1004 3518 significant
1026 3432 1140 3517 aliquid
1162 3433 1234 3498 mali
1257 3435 1305 3500 val

191 3553 336 3641 perversi,
365 3558 399 3618 ut
426 3550 663 3633 παραβλέπων,
698 3552 988 3634 παραμιμνιθσκειν,
1020 3552 1215 3635 παρακούειν,
1240 3576 1303 3617 πα-

190 3679 348 3756 ραφρονεῖν
383 3671 460 3752 alia3
493 3672 590 3759 igitur
619 3677 722 3758 nostro
751 3692 870 3757 quoque
897 3671 965 3737 loco
994 3671 1232 3752 παραπράττειν
1258 3679 1305 3738 est

191 3794 399 3873 malefacere,
419 3797 449 3858 et
469 3791 596 3869 μηδενὸς
615 3789 713 3856 altato
737 3787 1000 3871 παραπράξαντος
1021 3790 1186 3878 significat:
1208 3813 1303 3876 quum

190 3938 277 3981 nemo
308 3913 386 3979 alius
416 3912 517 3978 Aiacis
540 3912 686 3978 malorum
709 3933 796 3976 causa
819 3910 860 3975 sit
882 3911 1010 3997 (praeter
1033 3910 1157 3978 Aiacem
1179 3910 1301 3997 ipsum).

98 4055 162 4115 276,
233 4031 273 4098 Iu
301 4033 416 4098 verbis:
446 4033 541 4097 αὐτοῦ
574 4033 645 4110 μὲν
677 4029 770 4097 τότε
799 4029 997 4108 ἐξεστηκότος
1020 4030 1072 4095 καὶ
1096 4030 1299 4112 τερπομένον,

190 4157 241 4218 νῦν
265 4153 296 4218 δὲ
319 4156 541 4234 σωφρονοῦντος
564 4151 618 4216 καὶ
642 4151 843 4229 νινποομένον.
867 4151 924 4229 μὲν
948 4173 965 4215 a
987 4151 1055 4216 looo
1075 4173 1129 4215 suo
1143 4149 1301 4218 aberravit.

188 4273 263 4340 Post
285 4273 356 4342 τότε
379 4273 550 4360 ponendum
568 4278 630 4352 est,
654 4278 689 4338 ut
711 4271 913 4337 membrorum
936 4246 1087 4357 oppositio
1110 4271 1301 4340 restituatur:

190 4379 283 4460 αὐτοῦ
306 4393 405 4458 τότε
428 4393 504 4470 μὲν
525 4431 568 4442 --
591 4397 659 4456 νῦν
683 4390 732 4455 δέ.
