3250 5292
600 1461 890 1548 annosas.

659 1759 860 1772 -ΝΛΜΛΛννᾺΛΜΜ

112 1993 156 2050 36.
227 1987 379 2051 ”Aesacos
411 1985 520 2071 αὐτόν]
548 1983 591 2048 ’Ἡ
627 1985 720 2049 αὐτὸν
754 1985 805 2050 σὸν
840 1983 986 2062 Αἴγισθον
1019 1961 1303 2066 οὶποιροισιιεύοισσον

185 2107 275 2178 darc,
308 2105 325 2180 ἢ
351 2095 409 2169 ’τὸν
433 2104 594 2185 Ὀρέσσνν·
627 2101 701 2184 οἷον,
735 2106 779 2183 μὴ
815 2104 900 2182 μενοι
935 2104 1073 2183 πολέμου
1110 2106 1299 2183 ἐπεμβῆναι.

184 2227 281 2290 lmmo
305 2227 397 2289 οιύπὸν
421 2224 573 2311 significet
594 2225 710 2311 ipsum,
735 2224 849 2304 solnm,
873 2222 1003 2289 ἄσκευον
1028 2225 1166 2290 ἀσπίδων
1189 2250 1225 2290 σε
1247 2226 1300 2289 acl

184 2349 333 2426 στροιποῦ,
355 2345 398 2410 ita
421 2352 456 2410 ut
478 2345 558 2432 prior
579 2345 755 2410 scholiastae
777 2345 984 2431 interpretatio
1006 2345 1136 2411 absurda
1158 2345 1206 2410 sit.

61 2478 109 2532 42.
129 2479 154 2533 2.
227 2464 277 2530 Ad
299 2465 404 2530 verba:
427 2466 460 2529 οὐ
487 2463 549 2545 γάρ
573 2488 608 2527 σε
634 2465 677 2543 μὲν
704 2465 786 2546 γήρᾳ
804 2488 840 2528 σε
859 2465 911 2530 aa>
935 2464 1033 2548 χρόνῳ
1056 2468 1164 2548 μοικρῷ
1187 2467 1301 2549 γνῶσι,

182 2585 366 2671 adscriptum
388 2590 434 2649 est
452 2584 486 2649 τὸ
509 2585 560 2662 μὴ
578 2585 729 2656 Ἀττικῶς
753 2585 932 2666 πλεονάζει,
957 2587 994 2652 ab
1014 2585 1114 2672 aliquo
1134 2586 1187 2671 qni
1206 2592 1301 2651 struc-

182 2714 281 2771 tutam
314 2705 346 2768 οὐ
370 2706 413 2782 μὴ
438 2708 532 2780 γνῶσι
563 2726 624 2769 non
654 2703 811 2769 intellexit.
856 2703 966 2790 Neque
994 2705 1020 2769 is
1051 2706 1130 2771 idem
1153 2712 1213 2780 est,
1246 2706 1300 2791 qni

182 2847 308 2910 sequens
342 2823 490 2889 scholium
525 2823 661 2910 scripsit,
695 2823 728 2888 in
762 2846 823 2908 qno
853 2823 906 2888 illa
936 2829 1086 2890 structura
1111 2831 1192 2891 recte
1215 2847 1300 2890 usur·
1358 2863 1359 2866 ν

183 2951 251 3031 pata
273 2951 329 3011 est.

145 3123 152 3136 ,
226 3064 318 3150 Saepe
346 3064 407 3128 iam
437 3062 611 3127 monuimus
641 3062 753 3127 scholia
782 3068 886 3127 nostra
912 3085 971 3126 non
994 3062 1031 3129 ab
1053 3084 1116 3128 nno
1138 3063 1300 3148 eodemque

182 3190 304 3249 auctore
325 3185 458 3270 profecta
481 3204 562 3258 esse,
592 3182 642 3246 sed
674 3204 710 3246 ex
735 3181 861 3248 diversis
883 3182 1067 3247 diversorum
1089 3185 1300 3268 grammatico·

184 3326 248 3368 mm
271 3302 517 3369 annotationibus
538 3308 689 3380 constare,
721 3323 794 3386 quas
823 3301 930 3366 deinde
953 3301 1060 3381 homo,
1092 3302 1191 3367 nescio
1214 3301 1299 3386 quis,

184 3422 236 3488 sed
262 3424 374 3492 stultus
395 3429 426 3489 et
447 3423 612 3510 insipidus,
645 3422 728 3487 nnho
758 3420 931 3486 discrimine
953 3421 1032 3486 lacto
1056 3420 1088 3487 in
1112 3442 1207 3486 unum
1229 3444 1299 3488 con-

162 3542 322 3630 iunxerit.
368 3541 655 3624 Luculentissimum
682 3540 772 3604 huius
793 3539 836 3603 rei
860 3540 1030 3625 exemplum
1053 3539 1103 3604 hic
1124 3541 1298 3625 reperimus.

181 3661 268 3726 Alter
301 3634 460 3727 scholidsta
494 3660 669 3748 Sophoclem
706 3658 925 3724 anachronismi
963 3658 1078 3744 arguit,
1117 3658 1193 3724 alter
1228 3682 1297 3725 eum

181 3785 286 3846 contra
313 3781 372 3846 hoc
402 3781 514 3846 crimen
543 3778 693 3855 defendit,
722 3800 803 3844 nnnc
835 3799 906 3844 vero
935 3779 1086 3843 accusatio
1112 3785 1143 3844 et
1164 3779 1298 3845 defensio

180 3900 224 3964 ita
254 3899 374 3966 iunctae
404 3906 491 3981 sunt,
522 3900 608 3985 qnasi
631 3899 796 3966 abeodem
819 3898 1070 3985 sintprolectae:
1104 3898 1236 3973 ιξνῆκσοιι
1266 3900 1298 3965 δὲ

179 4029 242 4091 τοῖς
277 4019 408 4102 χρόνοις·
446 4020 497 4085 ἐπὶ
531 4019 749 4100 Τριπτολέμου
780 4019 843 4099 γὰρ
877 4016 960 4100 φοισὶ
994 4001 1136 4096 eiulatus
1167 4019 1296 4084 Πυθικὸν

179 4141 304 4219 οὶνῶνοι,
330 4139 496 4219 ἑξακοσίοις
519 4139 601 4206 ἔπεσι
625 4141 778 4222 πρότερον.
825 4139 916 4223 Quod
938 4161 1033 4224 quum
1055 4137 1173 4224 tegeret
1193 4137 1297 4203 Edito-

178 4284 240 4327 rem
269 4263 439 4327 Romanum
467 4261 608 4344 πρότερον
631 4261 761 4327 mutavit
788 4261 820 4326 in
851 4257 991 4338 ὕστερον;
1031 4280 1093 4345 qno
1129 4260 1210 4325 lacto
1232 4259 1297 4345 ipsc

178 4381 340 4467 pessimum
362 4380 516 4447 commisit
537 4381 808 4448 anachronismum.
