3210 5292
874 485 915 544 46

329 688 520 774 cognovisset
546 709 623 770 quae
651 687 772 773 captiva
795 686 931 751 alicha
954 687 1085 752 adducta
1108 693 1203 766 asset,
1227 708 1315 750 snam
1338 688 1370 750 in
1395 707 1459 751 eam

329 805 465 869 animum
498 825 560 868 non
594 809 776 868 mutaturam
808 826 882 870 esse.
930 804 1015 869 Haec
1046 806 1154 871 scholii
1186 803 1291 885 verba,
1322 805 1460 888 quamvis

328 922 458 988 breviter
485 922 657 1002 enuntiata,
688 921 767 986 vitio
790 922 935 987 videntur
960 921 1109 1005 laborare,
1134 923 1216 1009 qnod
1240 923 1302 988 dno
1325 921 1460 986 membra

327 1038 428 1120 ίίοπιρ
470 1038 635 1120 προείρηκοι
671 1047 702 1104 et
736 1045 842 1104 τοῦτον
882 1040 997 1114 ποιιίοιι
1034 1061 1096 1106 non
1130 1047 1211 1106 recte
1245 1039 1304 1105 sibi
1337 1061 1459 1126 respon·
1545 1081 1547 1086 ·

328 1159 410 1225 dent.
459 1157 542 1223 Hinc
575 1157 709 1224 Brunclr.
741 1157 861 1223 scribit:
895 1158 1009 1236 ηγονν,
1043 1157 1143 1241 ὥσπερ
1170 1158 1351 1240 προείρηκα,
1381 1158 1456 1224 οὕτω

329 1279 442 1352 ποιήσω
472 1282 598 1351 τοιῦτοι,
624 1282 754 1356 temere,
778 1283 813 1341 nt
836 1278 930 1358 solet,
953 1277 1051 1343 verbis
1074 1279 1141 1344 loeo
1165 1277 1289 1344 remotis
1311 1278 1459 1362 novisque

328 1396 451 1462 additis.
469 1397 548 1462 Tam
567 1396 664 1461 levius
684 1402 761 1460 esset
780 1395 880 1477 ι’ίτπερ
901 1397 933 1461 in
953 1395 1033 1479 όίπερ
1053 1403 1179 1464 mutare.
1203 1397 1343 1462 Fortasse
1355 1403 1459 1462 moran

328 1514 398 1579 talis
428 1514 653 1579 inconcinnitas
683 1514 827 1580 orationis
858 1515 1037 1582 scholiastae
1068 1516 1275 1601 relinquenda.
1323 1515 1355 1580 si
1387 1535 1461 1580 varo

328 1632 404 1717 quid
438 1631 619 1698 mutandum
653 1638 716 1713 est,
750 1634 943 1699 scribendum
979 1634 1099 1720 opinor:
1137 1633 1237 1715 όίοπερ
1272 1632 1454 1715 προείρηκα,

328 1750 413 1816 κοιτοὶ
437 1756 543 1816 ποιῦποι
568 1750 683 1826 ποιητω
715 1752 737 1819 i.
761 1775 787 1818 c.
811 1775 897 1838 agam
921 1774 992 1818 cura
1015 1775 1067 1833 ea,
1090 1752 1226 1819 tractabo
1249 1774 1328 1833 eam,
1353 1775 1457 1818 secan·

328 1869 401 1933 dum
436 1891 487 1945 ea,
522 1889 601 1954 quaa
629 1873 699 1934 ante
730 1868 813 1949 dixi,
845 1870 878 1934 id
908 1876 971 1950 est,
1002 1870 1164 1935 clementer
1191 1876 1222 1935 et
1245 1870 1372 1935 comiter
1394 1892 1457 1934 eam

328 1987 480 2066 tractabo,
504 1985 761 2072 quomadmodum
784 1992 855 2052 ante
878 1987 943 2053 dixi
969 1988 1036 2054 eins
1058 1988 1147 2052 sortis
1170 2011 1218 2053 me
1240 1989 1391 2055 miserere.

373 2113 890 2172 ΠΡΟΕΙΡΗΚΑΚΑΤΑΤΑΤΤΑ
920 2128 1011 2191 quam
1033 2106 1124 2172 facile
1146 2107 1178 2171 ln
1201 2115 1457 2172 sspoeIPHltA·

329 2233 482 2292 ΤΑΥΤΑ
505 2226 661 2312 depravari
684 2227 839 2312 potuerit,
859 2223 1007 2290 indicasse
1030 2225 1104 2288 satis
1127 2230 1183 2289 est.

240 2353 300 2411 497.
376 2346 426 2412 Ad
456 2344 564 2426 verba,
592 2345 682 2424 μίγοι
714 2369 743 2409 τι
772 2345 872 2416 σθένος
896 2344 918 2408 at
941 2342 1058 2424 Κύπρις
1085 2342 1251 2424 ἐκφόρεποιι
1277 2344 1366 2417 νίκοιςῑ
1388 2344 1456 2419 det,

313 2466 411 2544 'inter
443 2465 502 2532 alia
534 2469 659 2531 annotat
683 2463 861 2530 scholiasta:
885 2461 1009 2534 είκότως
1035 2463 1049 2526 o‘
1073 2463 1163 2543 χορός
1190 2463 1335 2539 τοιοιιίτην
1358 2465 1458 2546 ἀρχὴν

331 2583 512 2660 πεποίηται·
549 2583 712 2649 πέποιντοιι
750 2583 812 2665 γόιρ
846 2582 858 2645 ό
895 2581 989 2661 λόγος
1024 2583 1092 2662 περὶ
1128 2587 1182 2646 τοῦ
1212 2581 1331 2662 ἔρωτος.
1379 2583 1461 2648 Illnd

331 2704 492 2770 πόποιντοιι
518 2705 531 2766 ὁ
558 2703 650 2782 λόγος
679 2703 753 2788 qnid
777 2702 836 2766 sihi
859 2703 933 2767 velit
955 2726 1015 2768 non
1039 2702 1137 2767 vidae.
1184 2702 1230 2766 De
1251 2705 1363 2768 Amore
1380 2701 1460 2767 enim

331 2829 429 2886 totum
452 2821 547 2886 Choria
569 2843 689 2885 carmon
712 2820 786 2905 egit.
832 2819 970 2884 Fortasse
994 2821 1066 2885 olim
1090 2845 1110 2885 a
1130 2819 1292 2885 scholiasta
1316 2821 1459 2907 scriptum

330 2947 393 3005 est:
426 2941 548 3012 εἰκότως
577 2940 588 3002 ὃ
620 2939 708 3019 χορός
733 2938 879 3011 τοιοιότην
902 2940 1003 3018 οίρχην
1028 2948 1175 3005 ποιεῖπκι·
1203 2938 1371 3013 πεποίητοιι
1396 2941 1457 3020 γόιρ

332 3060 345 3124 ό
372 3057 466 3137 λόγος
490 3059 559 3138 περί
588 3064 641 3123 τοῦ
667 3057 785 3139 ἔρωτος.

243 3193 302 3250 539,
377 3179 468 3249 Maia
490 3179 551 3242 ὑπὸ·
568 3176 719 3263 γηλοιίνης]
745 3177 837 3240 Ἀντί
857 3181 930 3253 τοῦ,
953 3181 1030 3256 ροιᾶς
1058 3178 1172 3253 κοίτης.

376 3297 494 3362 Nonne
514 3295 719 3361 serihcndiarn:
743 3298 836 3361 'navt
855 3301 927 3372 τοῦ,
953 3298 1005 3362 sat
1028 3300 1105 3374 κοῖος
1131 3297 1271 3372 aalma?

243 3428 302 3487 547.
339 3447 342 3452 ·
377 3415 443 3517 'thu
467 3414 524 3493 μὲν
548 3411 700 3493 ἕρπουσιν
724 3414 843 3496 πρόοιοε
866 3423 916 3498 Τῇ
941 3415 1025 3498 Ἰόλη
1045 3397 1299 3496 προκόπτοντοιν,
1323 3418 1375 3481 acl
1404 3418 1460 3480 οιύ-

331 3535 461 3616 &amasa
485 3535 546 3608 την·
566 3531 656 3610 ἥβην.

375 3655 423 3720 aa
455 3653 519 3718 hac
547 3652 743 3718 annotatione
778 3654 889 3740 colligo
924 3654 1115 3719 scholiastam
1155 3659 1261 3741 poetae
1295 3653 1384 3721 verba
1417 3653 1462 3718 its

329 3773 457 3860 legisse:
480 3771 533 3852 όρῶ
559 3770 629 3852 γόιρ
646 3768 725 3848 ἷίβην
752 3781 797 3853 τῇ
824 3772 881 3851 μὲν
909 3770 1064 3851 ἕρπονσοιν
1086 3770 1198 3852 πρίσω.

376 3891 463 3972 Quae
478 3889 651 3955 observatio
664 3889 690 3953 si
708 3911 778 3956 vera
799 3898 858 3971 est,
876 3890 987 3956 iterum
1007 3873 1237 3978 discrepantiam
1256 3891 1335 3956 inter
1350 3891 1460 3955 lemma

332 4015 363 4076 et
386 4008 538 4075 scholiuna
557 4007 701 4074 ostendit.

241 4144 302 4202 549,
376 4128 566 4210 ’Θφίοιλριός
590 4125 694 4198 ίινόοςι
717 4128 764 4192 Τό
784 4126 871 4200 οίνόος
898 4133 958 4194 τῶν
980 4129 1051 4194 νίννν
1072 4134 1226 4208 γννοιικῶν
1246 4133 1339 4212 φιλεῖ
1360 4125 1463 4209 οὶρποί-

332 4249 394 4330 ζειν
414 4247 427 4310 ὃ
447 4246 611 4325 ίφίοιλμός
630 4250 684 4310 τοῦ
703 4245 821 4328 οίνδρός.
868 4249 938 4313 Τῶν
957 4248 987 4314 δὲ
1010 4249 1249 4330 ὑποινοιχονρεῖν,
1276 4248 1347 4336 (Ed.
1371 4247 1466 4312 Romf

330 4370 361 4431 et
383 4365 516 4431 Branclr.
540 4366 761 4448 ὑποινοιχοιρεῖ,
786 4371 910 4452 temere)
940 4367 1077 4443 δηλονότι
1102 4375 1160 4434 τῶν
1174 4365 1402 4451 πρεσβυτέρων.
1433 4345 1437 4354 ¹
