3210 5292
709 455 749 515 39

165 674 216 736 τόν
240 669 329 750 χορόν
354 666 450 744 ὐχων.
501 662 601 727 Altera
621 665 721 724 tamen
741 663 889 721 structura
907 655 1084 732 verborum,
1109 675 1187 738 quac
1210 655 1290 739 apud

165 789 354 869 scholiastam
375 783 498 870 legitur,
524 801 592 844 vera
615 785 676 842 est:
702 778 718 852 ἢ
743 778 801 839 τῶν
822 773 942 853 ἄστρων
962 771 1093 852 χνριρρέ·
1118 771 1203 836 καιναὶ
1226 771 1289 853 γάρ
1332 836 1335 842 ,

165 931 236 975 τινα
258 904 408 986 μυστικόν
432 883 543 978 λόγον,
565 904 625 962 τῶν
648 894 783 970 ἀστέρων
807 892 873 958 ἐστὶ
898 889 1045 972 χορηγός.

9 1046 93 1101 1152,
111 1046 137 1101 3,
211 1024 256 1090 Αἵ
274 1025 324 1113 σε]
355 1023 465 1087 Aristar
490 1022 507 1095 ἡ
532 1016 675 1098 αερ1,1’ν’
701 1013 732 1098 ἦ,
761 1013 873 1086 attissa
899 1012 966 1094 περὶ
993 1011 1039 1084 πό.

210 1145 300 1212 Nihil
321 1142 484 1220 omissum,
508 1139 561 1203 sed
583 1135 737 1218 χορεύειν,
761 1133 918 1198 transitive
937 1133 995 1197 hoo
1013 1131 1081 1196 loco
1097 1134 1292 1216 usurpatum,

167 1265 335 1351 significat,
359 1260 477 1326 choreis
499 1257 631 1340 aliquem
656 1254 823 1332 calabram
847 1251 930 1336 quod
952 1250 1033 1337 fugit
1054 1249 1258 1315 scholiastaur.

57 1394 138 1453 1176.
212 1382 258 1446 Τὸ
282 1405 326 1461 χ,
351 1376 397 1442 ότι
422 1379 538 1458 ἐρωτᾷ,
571 1373 688 1453 πότερα
718 1371 867 1452 πατρῴας
894 1371 910 1445 ἢ
938 1371 1011 1450 ’πρὸς
1037 1368 1151 1442 αἰκείας
1183 1369 1293 1450 χερύρς

167 1500 304 1572 ducitur
327 1499 381 1573 ἤδη
405 1491 451 1560 ότι
477 1493 625 1575 αὐτόχειρ
649 1491 813 1558 ἀπέθανεν.

212 1620 296 1684 Haec
317 1614 508 1703 grammatici
528 1611 697 1679 observatio
715 1611 820 1676 critica
835 1603 967 1695 Bergk'io
990 1626 1080 1673 causa
1098 1607 1192 1672 fuisse
1212 1607 1296 1674 'vidr-

166 1747 225 1818 tur,
247 1759 308 1822 qua
325 1759 357 1800 re
377 1735 450 1800 haec
465 1733 510 1798 ita
523 1731 650 1818 legenda
665 1729 845 1794 coniicerst:
868 1727 1027 1794 Nuntiusr
1047 1724 1295 1804 attestatores.

165 1853 293 1923 Obortis,
311 1851 356 1918 ’Ἢ
380 1853 453 1934 πρός
477 1849 591 1922 οἰκείας
616 1847 729 1929 χερόςς

209 1975 325 2054 Verum
359 1994 451 2058 quum
486 1993 529 2035 vs.
566 1972 651 2036 1175
689 1968 816 2034 nuntius
849 1967 992 2033 dixisset:
1027 1967 1133 2046 Αἵμων
1167 1967 1295 2032 όλωλει·

165 2092 314 2173 αὐτόχειρ
333 2091 358 2154 δ’
375 2088 595 2167 staterum,
619 2088 650 2151 in
667 2087 761 2152 dubio
777 2085 901 2170 reliquit
917 2092 1022 2151 utrum
1039 2085 1188 2167 αὐτόχειρ
1203 2086 1297 2172 sigui·

164 2216 286 2292 ficeret,
310 2229 365 2276 aua
387 2229 497 2288 manu,
521 2227 558 2272 an
575 2227 666 2272 manu
684 2204 848 2292 propinqui
868 2203 1042 2286 cuiusdam,
1066 2211 1102 2270 ut
1122 2205 1201 2270 Aiax
1221 2207 1297 2270 841.

165 2336 384 2412 αὐτοσφωχεῖς
410 2328 566 2410 aptastis
598 2324 752 2408 <Duriores
778 2321 921 2401 ἐκγόνων.
947 2324 987 2392 ci.
1006 2323 1080 2391 Eur.
1096 2323 1179 2389 Mod.
1199 2325 1294 2389 luto.

167 2450 269 2531 Quare
291 2449 410 2514 Ohorus
432 2447 544 2511 iterum
566 2450 670 2532 rogat:
708 2443 826 2524 πόνερα
858 2441 1005 2523 surprise
1035 2442 1052 2518 t
1084 2437 1157 2524 apic
1181 2440 1295 2514 stastat-

168 2567 281 2650 χερός;
308 2567 421 2632 Utrum
443 2565 539 2651 patris
561 2585 600 2628 an
624 2582 679 2628 sua
705 2564 803 2649 ipsius
828 2581 920 2628 manu
942 2563 1082 2627 occisus?

58 2707 138 2764 1250.
212 2685 438 2752 Absurdissima
460 2682 679 2768 interpretatio.
725 2681 759 2746 si
777 2683 880 2746 locum
897 2703 960 2746 nou
977 2679 1171 2767 intelligunt,
1192 2679 1296 2746 nascio

168 2805 244 2890 quid
265 2805 385 2888 fingunt
408 2798 445 2866 ds
469 2823 542 2881 suo,
565 2800 823 2886 interpretationis
846 2798 964 2864 scilicet
990 2809 1094 2878 causa,
1123 2805 1160 2864 ut
1182 2797 1298 2884 aliquid

168 2923 268 2988 dicere
297 2921 467 2987 videantur.
515 2917 600 2983 Haeo
631 2918 712 2983 anim
744 2918 821 2983 dicit
850 2918 1028 2983 scholiasta:
1063 2918 1117 2982 οὐκ
1152 2915 1294 2993 ἀνόητος,

167 3039 284 3122 φησὶν,
322 3037 479 3119 ὐπόρχει,
517 3036 596 3102 ὥστε
630 3035 763 3119 δημοσίᾳ
800 3035 968 3116 ὀδύρεσθαι.
1015 3035 1226 3117 ‘Apartaeos
1263 3035 1296 3102 δὲ

168 3158 257 3236 λέγει
292 3162 362 3234 νῦν,
396 3157 430 3221 τό
461 3157 610 3238 ἐμφανῶς
642 3158 767 3235 θρηνεῖν.
815 3155 906 3220 Hanc
938 3154 1121 3240 pulchellum
1155 3156 1299 3243 interpre-

167 3277 315 3342 tationem
345 3275 432 3340 nohis
460 3274 614 3352 obtrudit,
645 3273 730 3357 qussi
752 3273 786 3338 in
808 3272 932 3358 publico
960 3273 1015 3338 filii
1042 3275 1187 3340 carissimi
1210 3276 1298 3341 mise·

167 3417 231 3460 ram
259 3398 385 3458 mortem
410 3393 513 3478 lugere
543 3391 661 3456 facinus
691 3390 748 3454 sit!
795 3389 841 3454 Eo
872 3391 1015 3477 deceptus
1044 3395 1089 3456 est
1123 3391 1206 3479 quod
1236 3414 1299 3460 cre·

169 3511 258 3577 debat
280 3511 355 3575 haec
379 3510 490 3590 verba,
513 3510 639 3587 χνύμνς
668 3509 732 3588 arip
761 3509 815 3571 οὐκ
841 3507 983 3589 ὐαειρις,
1013 3505 1082 3574 ὥσθ’
1106 3509 1299 3591 spartaco

168 3629 282 3716 opponi
316 3628 580 3693 autumantibus:
617 3627 734 3708 tropario
771 3628 929 3708 αριύὐσειν
960 3628 1065 3702 ortator
1093 3631 1201 3695 οἰκεῖοι
1226 3632 1298 3697 ανέ-

169 3769 240 3811 ιειν.
287 3747 387 3811 Immo
417 3746 541 3831 respicit
574 3747 701 3810 nuntius
729 3746 890 3832 postremis
925 3745 1025 3811 verbis
1055 3747 1103 3829 id,
1139 3751 1221 3832 quod
1250 3770 1298 3818 vs.

171 3867 256 3928 125³
288 3863 420 3942 dictum,
452 3869 533 3928 recte
561 3863 778 3949 interpretatur
807 3861 986 3942 scholiasta}
1013 3857 1070 3929 hoc
1095 3864 1192 3950 igitur
1224 3865 1301 3933 dicit
1377 3880 1381 3885 '

168 3983 314 4047 nuntius:
338 3981 419 4045 Satis
449 3981 581 4066 prudens
612 3987 679 4060 est,
712 3988 764 4060 ut,
789 4003 828 4045 ne
856 3979 914 4045 sibi
944 3981 1010 4068 ipsa
1037 4003 1145 4048 manus
1173 3984 1301 4066 inierat,

169 4099 295 4165 nonsit
318 4101 498 4166 timendum.
551 4099 633 4165 Mala
663 4107 765 4165 autem
788 4119 834 4165 vs.
861 4102 957 4167 1253.
987 4103 1193 4185 κατάσχετον
1214 4103 1299 4172 scho-

169 4215 258 4282 liasta
280 4218 372 4282 vertit
393 4239 446 4304 per
468 4219 632 4296 μανιῶδες.
680 4219 840 4305 Significat
858 4220 939 4285 enim
958 4227 1061 4287 nostro
1082 4221 1165 4303 loco,
1187 4246 1298 4312 repres-

171 4353 256 4415 sum,
280 4334 396 4418 aliquid
420 4336 501 4419 quod
524 4335 677 4422 Eurydica
695 4342 816 4422 pectore
837 4339 989 4405 reclusum
1011 4339 1112 4408 habet.
