3210 5292
699 1509 1064 1598 TRAOHINIAE.

262 2107 289 2164 1,
360 2079 506 2144 Narratio
523 2082 560 2145 dc
580 2080 689 2145 Solone
711 2085 832 2166 sumpta
851 2058 949 2144 estex
967 2078 1142 2158 Herodoto,
1165 2081 1219 2164 qni
1239 2081 1368 2167 amplius
1387 2082 1442 2146 hac

317 2197 354 2262 do
377 2219 408 2262 re
430 2197 496 2283 agit
517 2196 586 2264 Lib.
607 2197 634 2264 I.
658 2220 685 2265 e.
710 2201 851 2264 29-33.

225 2291 230 2302 ⁶
358 2314 527 2400 Postquam
550 2322 651 2381 autem
674 2315 834 2381 scholiasta
857 2315 1002 2401 Sophocli
1026 2315 1290 2381 anachronismum
1314 2317 1441 2394 obiecit,

316 2434 360 2499 ita
381 2434 499 2520 pergit:

361 2553 459 2617 Φασὶν
489 2552 666 2626 Ἀθηναίους
700 2553 888 2628 αἰτήσασθαι
923 2551 1051 2617 Σόλωνα
1085 2554 1175 2634 νόμον
1209 2557 1354 2636 γραφήν,
1391 2557 1441 2620 τόν

317 2673 347 2737 δὲ
380 2670 502 2737 δεδιότα
525 2673 559 2737 τὸ
584 2671 730 2753 ἁψίκορον
754 2675 871 2753 αὐτῶν,
895 2670 979 2752 ὅρκον
1005 2675 1134 2747 αἰτῆσαι
1159 2674 1283 2747 αὐτούς·
1313 2673 1443 2752 ἐπέμενε

315 2791 346 2856 δὲ
368 2791 550 2871 δεκαετίαν,
575 2791 871 2872 παρευλαβούαενος
894 2792 926 2855 δὲ
944 2793 1067 2870 μήποτε
1088 2793 1221 2873 μένοντα
1234 2793 1440 2873 αναγκασωσι
1530 2795 1533 2802 '

315 2909 500 2988 stercoritae!
540 2935 570 2975 rr
610 2915 668 2974 τῶν
700 2909 849 2989 νομίμων,
887 2911 1092 2991 ἀναχωρῆσαι
1127 2913 1200 2994 πρὸς
1235 2913 1352 2986 Λυδοὺς
1389 2912 1441 2977 καὶ

315 3036 449 3108 Κροῖσον.

358 3147 468 3212 Multis
495 3146 631 3234 partibus
658 3148 731 3213 haec
759 3154 833 3213 sunt
855 3155 1005 3235 corrupta.
1041 3150 1125 3231 Quid
1147 3151 1228 3217 nude
1246 3153 1290 3217 sio
1308 3152 1442 3238 positum

315 3267 467 3353 significat
489 3262 572 3346 ὅρκον
596 3268 725 3340 αἰτῆσαι
749 3267 885 3339 atrato?
919 3268 1121 3334 Iurciurando
1145 3292 1196 3334 cos
1219 3270 1382 3336 obstrinxit
1399 3308 1443 3320 -

314 3385 389 3470 quid
411 3391 447 3451 ut
468 3386 622 3451 facerent?
668 3386 753 3467 Quid
775 3386 833 3451 sibi
857 3386 922 3452 vult
944 3386 1020 3452 illud
1043 3388 1174 3467 ἐπέμενε
1198 3390 1229 3453 δὲ
1253 3387 1442 3453 hetaerias?

314 3504 363 3568 Ad
385 3503 467 3589 quod
489 3504 613 3570 verbum
636 3504 934 3584 παρευλαβούμενος
958 3506 1168 3572 referendum?

356 3620 458 3686 Variis
470 3622 568 3687 modis
580 3622 653 3687 haec
665 3628 814 3709 temptata
826 3629 916 3705 sunt,
937 3624 989 3688 sed
995 3675 1004 3705 ,
1025 3629 1061 3688 ut
1073 3629 1170 3690 cetera
1183 3625 1337 3705 omittam,
1358 3625 1444 3690 nulla

311 3739 484 3805 coniectura
513 3739 611 3805 adhuc
642 3740 720 3806 illud
746 3738 830 3823 ὅρκον
861 3744 989 3815 αἰτῆσαι
1019 3743 1132 3816 αὐτούς
1165 3743 1359 3830 explanatum
1388 3750 1443 3808 est.

314 3856 488 3924 Herodotus
518 3863 620 3923 autem
650 3865 752 3924 namet
781 3859 923 3926 Solonem
952 3860 1151 3926 Athenienses
1174 3859 1367 3925 iureiurando
1392 3860 1444 3925 ob·

315 3975 488 4054 strinxisse,
523 3982 558 4040 nt
592 3997 645 4061 por
679 3977 782 4042 decem
810 3999 905 4042 annos
939 3977 1059 4063 legibus
1093 4000 1111 4042 a
1141 3999 1172 4041 ac
1202 3976 1281 4041 datis
1311 3983 1442 4057 starent;

312 4094 443 4158 veritum
467 4099 628 4160 tamenne
654 4101 841 4181 praesentem
865 4117 896 4160 se
919 4101 1062 4182 cogerent
1087 4095 1188 4180 aliqua
1209 4116 1246 4159 cx
1263 4101 1347 4181 parte
1364 4095 1450 4180 leges

312 4233 381 4276 suas
405 4217 535 4293 mutare,
559 4235 612 4299 per
635 4213 739 4278 decem
762 4236 856 4278 annos
879 4235 949 4280 cunr
976 4213 1121 4300 procula
1150 4212 1248 4298 patria
1275 4212 1444 4298 peregrina·

313 4336 379 4394 tum
398 4352 463 4395 csse
482 4337 513 4395 ct
535 4331 567 4395 in
591 4331 646 4396 hcc
665 4332 907 4416 peregrinatione
919 4331 958 4397 ad
978 4330 1125 4396 Croesum
1139 4330 1274 4408 venisse,
1298 4351 1367 4394 cum
1381 4350 1443 4413 quo
