3250 5292
869 489 909 550 92

325 691 501 766 Μεσσηνίου
528 692 682 768 ὐποίνίιιας
718 691 929 773 φυλοίξαντας
959 693 1015 766 την
1040 691 1162 772 μητέρα
1193 692 1252 754 τῶν
1275 686 1457 768 Ἀριστοδνί·

324 834 384 885 μου
411 809 528 874 παίδων
551 811 666 888 λαβεῖν
690 811 902 876 καταπαύσω
925 811 1066 890 τιμῶσαν
1088 810 1153 874 τόν
1180 808 1371 890 πρότερον
1397 804 1455 868 καὶ

325 929 435 996 σίτοισι
472 931 525 995 καί
559 937 731 1010 λουτροῖσι,
765 932 820 996 οὐκ
853 930 967 996 εἰδυῖαν
998 934 1057 993 τοῖν
1090 927 1203 994 είυεκεν
1237 924 1453 1009 έφυλοίσσετο.

325 1049 487 1128 λαβόντας
518 1049 549 1113 δέ
575 1049 609 1114 τὸ
643 1048 763 1114 παιδίον
795 1050 830 1113 τδ
864 1049 1035 1128 τιμώμενον
1068 1049 1140 1129 πρὸς
1178 1052 1233 1120 τοῖς
1262 1044 1453 1124 γειναμένης

323 1172 362 1240 ὡς
389 1170 436 1234 ε’δν
461 1166 604 1248 πρότερον
627 1167 751 1249 τρέφειν
776 1169 805 1232 έν
828 1169 871 1246 τῷ
898 1166 1041 1247 δημοσίῳ·

370 1287 491 1354 Scribe:
516 1289 601 1352 κατὰ
625 1287 731 1353 ταύτόν
754 1292 895 1366 τιμῶσαν
920 1287 989 1350 τὸν
1012 1283 1159 1364 ἕτερον.

865 1491 903 1558 V.

369 1612 454 1678 Idem
477 1612 537 1678 IX.
561 1614 612 1678 57.
636 1614 658 1678 i.

368 1728 613 1811 Ἀμομφοίρετος
638 1729 668 1794 δὲ
696 1732 798 1810 οὶρχήν
829 1754 868 1808 χε
896 1731 1020 1807 οὐδαμοὶ
1042 1727 1149 1794 δοκέων
1174 1726 1353 1798 Παυσανίην
1378 1742 1453 1790 τολ-

324 1850 435 1928 μήσειν
460 1848 564 1930 σφέας
588 1851 773 1924 ἀπολιπεῖν,
797 1847 973 1928 περιείχετο
999 1849 1096 1911 αὐτοῦ
1121 1844 1270 1922 μένοντας
1295 1848 1338 1920 μη
1366 1846 1454 1908 έκλι-

324 1975 393 2032 πεῖν
416 1968 471 2041 την
490 1966 593 2044 τοίξιν·
615 1964 836 2048 προτερεόντων
859 1965 889 2030 δέ
910 1970 970 2029 τῶν
990 1964 1044 2029 σὺν
1066 1963 1247 2044 Παυσανίη,
1270 1962 1453 2040 καταδόξας

325 2088 438 2159 αὐτοὺς
466 2087 526 2169 ίίέρ
559 2085 657 2168 τέχνη
691 2086 860 2151 ἀπολιπεῖν
893 2081 1006 2159 αὐτόν,
1037 2081 1247 2159 ἀναλαβόντα
1272 2083 1324 2147 τὸν
1355 2081 1456 2162 λόχον

324 2206 366 2270 τόν
393 2201 478 2269 όπλα
502 2199 560 2283 εἶχε
581 2203 683 2282 βοίδηυ
705 2205 778 2285 πρὸς
802 2203 837 2269 τό
851 2201 943 2267 ὀίλλο
956 2206 1093 2283 στῖφος·
1117 2201 1152 2264 τὸ
1173 2199 1204 2264 δέ
1225 2200 1359 2266 οὶπελόδν
1381 2197 1455 2264 όσου

324 2349 358 2390 τε
381 2324 478 2389 δέκα
501 2322 618 2389 στοίδια
642 2323 772 2402 οίνέμενε
793 2319 846 2386 τόν
867 2318 1116 2401 Ἀμομφαρέτου
1138 2317 1244 2397 λόχον.

369 2443 429 2506 Pro
464 2442 556 2507 δέκα
590 2440 784 2508 scribendum
815 2440 923 2526 opinor
953 2437 981 2502 δ’
1003 2439 1026 2504 i.
1048 2460 1074 2504 e.
1104 2437 1302 2516 τέσσαρα,
1335 2436 1455 2502 collatis

323 2560 362 2626 iis
385 2583 462 2646 quae
486 2566 606 2626 narrata
628 2565 710 2626 eunt.
733 2558 769 2626 Ο.
793 2561 846 2624 51.
870 2559 891 2624 i.
914 2556 1163 2636 βουλευομένοισι
1185 2554 1215 2621 δὲ
1245 2560 1324 2620 τοῖσι
1355 2578 1453 2634 στρα-

324 2685 447 2756 τηχοῖσι
475 2678 558 2755 ἔδοξε
581 2714 624 2728 -
648 2679 679 2749 ές
703 2679 759 2751 την
782 2682 870 2750 νῆσον
894 2677 1021 2751 ίέναι·νὶ
1048 2674 1078 2739 δέ
1103 2675 1170 2739 ἐστὶ
1193 2673 1257 2738 οίπδ
1280 2678 1334 2739 τοῦ
1351 2674 1454 2738 Ἀσω-

325 2802 384 2862 ποῦ
410 2797 463 2861 καί
496 2803 552 2869 τῆς
577 2798 684 2877 κρήνης
716 2802 773 2867 τῆς
801 2795 1008 2876 Γαργαφίης,
1032 2789 1123 2874 ἐπ’ρί
1154 2792 1453 2872 ἐστρατοπεδεύοντο

324 2915 415 2994 τότε,
438 2915 535 2981 δέκα
558 2913 751 2988 σταδίους
776 2915 1006 2994 σὀπέχουσα.

855 3119 912 3185 Vl.

366 3303 556 3390 Thucydides
580 3301 688 3388 (edidit
715 3299 757 3366 H.
782 3321 838 3364 van
865 3299 1086 3383 Herwerden.)¹

366 3421 437 3488 Lib.
460 3421 487 3490 Ι.
510 3419 545 3487 C.
570 3422 622 3486 18.
647 3423 677 3485 2.

366 3538 419 3604 καί
446 3537 592 3616 μεχοίλου
618 3536 752 3602 κινδύνου
777 3536 1054 3614 ε’πικρεμκσόέντος
1088 3534 1118 3600 οί
1144 3560 1179 3600 τε
1212 3534 1454 3613 Λακεδαιμόνιοι

321 3661 380 3720 τῶν
404 3655 714 3735 ξυμπολεμησοίντωυ
734 3655 891 3729 Ἑλλήνων
911 3655 1070 3733 ἡγήσαντο
1096 3654 1223 3732 δυνοίμει
1244 3652 1452 3733 προέχοντες,

322 3774 375 3839 καί
397 3777 423 3842 οἱ
444 3775 597 3852 Ἀθηναῖοι
619 3772 764 3840 ἐπιόντων
785 3779 843 3838 τῶν
865 3774 977 3849 Μαίδων
1002 3773 1208 3850 διανοηθέντες
1232 3773 1370 3836 ἐκλιπεῖν
1392 3772 1455 3845 την

321 3891 412 3959 πόλιν
458 3893 551 3981 [καί]
595 3893 887 3972 ανασκευασοίμευοι
928 3894 958 3964 ές
999 3893 1060 3965 σόος
1101 3896 1174 3964 ναῦς
1211 3890 1450 3977 [έσβοίντες]

324 4010 459 4076 ναυτικοί
485 4011 636 4089 ἐγένοντο.

366 4129 448 4196 Ibid.
472 4128 508 4198 Ο.
536 4133 590 4195 42.
616 4133 646 4196 2.

366 4249 400 4313 τὸ
431 4248 549 4326 μέλλον
574 4253 627 4314 τοῦ
655 4248 793 4326 πολέμου
823 4239 844 4326 ᾧ
878 4248 1052 4328 φοβοῦντες
1075 4249 1162 4323 ὐμοῖς
1195 4253 1371 4327 Κορκυραῖοι
1397 4268 1453 4307 κε-

322 4367 461 4433 λεύουσιν
488 4367 604 4432 οίδικεῖν
631 4368 661 4431 έν
691 4368 814 4447 οίφανεῖ
841 4365 886 4432 έπι
914 4372 1036 4439 κεῖται,
1066 4365 1122 4430 καί
1155 4367 1208 4430 οὐκ
1242 4363 1327 4441 οίξιον
1354 4365 1455 4443 έπαρ-
