3210 5292
884 455 925 519 16

384 659 484 723 Loeus
513 658 637 723 Homeri
667 643 768 742 (Iliad.
800 661 827 722 1.
852 660 929 742 513)
964 659 1171 725 aSoholiasta
1194 661 1380 748 adscriptus,
1404 687 1459 748 quo
1560 731 1561 734 ,

341 777 557 840 demonstraret
578 775 658 861 apud
681 775 848 840 Homerum
873 797 995 860 quoque
1017 777 1171 842 interdum
1196 779 1318 845 verbum
1338 782 1461 868 simplex
1560 813 1561 820 ν

340 892 444 958 eadem
473 893 692 978 significatione
722 899 901 978 usurpatum
933 914 997 958 esse
1025 916 1116 978 quam
1139 895 1265 961 verbum
1288 919 1358 962 oum
1380 920 1460 984 prae-

340 1008 491 1094 positione
516 1011 593 1074 οὶνα
623 1011 826 1097 compositum
854 1010 972 1075 habeat.
1017 1010 1091 1076 Non
1114 1019 1214 1078 tamen
1239 1007 1315 1079 'vidit
1337 1014 1460 1084 duorum

340 1128 476 1192 locorum
500 1127 586 1212 plane
608 1128 755 1192 diversam
779 1149 842 1191 esse
865 1127 1022 1192 rationem.
1057 1129 1161 1209 Quum
1180 1130 1260 1195 enim
1276 1137 1378 1196 nostro
1397 1131 1459 1196 looo

340 1267 441 1310 revera
470 1245 616 1326 ἐφαίνετο
642 1246 746 1310 eodem
774 1267 864 1310 sensu
898 1250 1074 1330 usurpatam
1100 1247 1141 1310 sit
1163 1269 1253 1332 quem
1275 1248 1460 1331 ἀνεφαίνετο

340 1363 412 1428 alias
434 1363 539 1442 habet,
562 1362 684 1427 laudato
708 1361 822 1427 Iliados
844 1361 910 1425 loco
934 1361 1028 1441 εἴρετο
1052 1363 1220 1448 signifieat:
1244 1365 1339 1445 dixit,
1362 1367 1461 1434 locuta

339 1487 386 1546 est
409 1481 525 1565 (Thetis
543 1479 648 1544 Iovem
673 1479 782 1543 iterum
808 1479 861 1543 tali
884 1478 974 1544 modo
997 1480 1125 1546 allocuta
1144 1484 1211 1567 est).
1242 1482 1358 1550 Eodem
1376 1486 1462 1551 modo

339 1597 449 1684 Odyss.
476 1602 526 1664 11.
552 1601 635 1677 542,
659 1597 696 1661 de
719 1596 873 1661 manibus:
899 1596 1008 1676 εἴροντο
1033 1598 1064 1662 δὲ
1090 1600 1172 1673 κήδε’
1198 1598 1335 1682 ἑκάστη,
1361 1604 1461 1668 eodem

339 1715 458 1782 dicendi
481 1738 580 1782 sensu.
623 1713 735 1778 Contra
762 1713 885 1779 verbam
912 1714 1084 1796 οὶνείρεοθαν
1116 1738 1232 1803 semper
1261 1717 1462 1806 interrogandi

340 1839 519 1918 potestatem
542 1831 646 1898 habet:
671 1828 688 1894 ὅ
711 1832 747 1908 μ’
778 1831 911 1911 οξνείρεαν
939 1833 989 1907 ἠδὲ
1012 1840 1192 1917 μεταλλᾷς.

303 1999 310 2014 .
385 1949 542 2016 Scholium
568 1950 688 2036 longam
720 1955 751 2014 et
775 1949 894 2015 doctam
918 1951 1055 2016 eontinet
1080 1953 1333 2040 disputationem,
1361 1959 1461 2019 utrum
1560 1945 1561 1980 i

341 2067 431 2133 verba
454 2066 616 2147 μεγαλανν
645 2068 729 2133 θεαῖν
756 2069 890 2148 ἀρχαῖον
919 2068 1117 2150 στεφάνωμα
1144 2072 1182 2137 de
1208 2072 1315 2138 Cerere
1337 2078 1368 2137 et
1390 2073 1461 2138 Pro·
1560 2089 1561 2098 ’

340 2187 459 2273 νεηνίην
482 2186 563 2252 diota
584 2187 680 2273 accipi
703 2187 819 2274 possint
843 2210 961 2269 annon,
985 2189 1057 2273 quia
1075 2189 1147 2254 alias
1164 2189 1211 2254 hia
1227 2189 1340 2256 deabus
1355 2213 1462 2256 corona

340 2303 490 2370 tribuatur
510 2305 621 2391 spioea.
1331 2313 1332 2316 ’

385 2421 462 2487 Cum
477 2422 605 2487 scholio
635 2423 730 2508 igitur
751 2423 862 2488 lemma
885 2423 913 2488 ei
940 2425 1104 2510 praefixum
1127 2447 1188 2490 non
1211 2425 1360 2512 oongruit.
1406 2427 1461 2491 Est

341 2540 420 2606 enim
451 2541 508 2605 hoc
535 2541 658 2606 lemma:
683 2541 792 2607 dottam
817 2542 843 2606 δ’
865 2542 1006 2622 οὐρανίας
1034 2545 1086 2607 ὑπ’
1118 2541 1222 2623 ἄχνας
1247 2565 1341 2628 quum
1364 2549 1461 2608 totum

340 2658 490 2724 scholium
519 2658 557 2724 ad
586 2660 649 2725 sola
678 2660 782 2727 rerba:
805 2659 968 2740 μεγαλανν
992 2661 1237 2744 θεαῖνάρχαῖον
1264 2660 1462 2744 οτεφοὲναμα

340 2783 464 2861 spectet.

384 2893 420 2958 In
453 2894 543 2960 initio
575 2895 681 2960 scholii
712 2896 785 2960 haee
813 2894 969 2982 leguntur:
997 2904 1064 2970 Τῆς
1095 2901 1258 2980 Δήμητρος
1287 2900 1340 2965 καὶ
1363 2897 1461 2980 ,Κόρης
1560 2973 1561 2982 ¹

340 3015 373 3078 οὐ
396 3012 496 3092 φασὶν
522 3017 720 3096 οτεφοέναμα
743 3012 795 3079 τδν
821 3014 981 3095 ναρκνοοον
1008 3012 1098 3081 εἶναι·
1119 3015 1260 3098 οταχνον
1280 3019 1341 3100 γὰρ
1360 3017 1461 3088 αὐτας

340 3136 543 3213 στεφανοῦσι.
589 3132 650 3197 Pro
679 3132 789 3199 ultimo
812 3133 959 3199 vocabulo
985 3136 1175 3202 scribendum
1198 3137 1318 3204 videtur
1340 3142 1463 3220 στεφα-

341 3252 461 3316 νοῦσθαι
489 3255 524 3314 ut
546 3250 674 3336 pendeat
696 3274 714 3316 a
736 3250 828 3316 verbo
852 3252 963 3333 Φανίν.

252 3381 311 3439 691.
387 3368 579 3452 Στερνούχον
606 3367 733 3449 χθονόςε
756 3369 840 3436 Ἴσον
862 3371 925 3462 τῷ,
955 3372 1018 3456 (hio
1042 3395 1162 3459 quoque
1184 3374 1286 3440 Codex
1307 3373 1398 3438 habet
1414 3372 1464 3459 rt)

321 3487 480 3580 ⁴pom'poo.
525 3487 569 3553 ’Ἡ
591 3489 661 3554 ἀντὶ
688 3493 742 3554 τοῦ
767 3490 933 3571 πεδνούχον
959 3493 1079 3573 χθονός·
1106 3517 1135 3558 κ.
1153 3517 1184 3557 r.
1201 3493 1226 3556 ἓ.

385 3607 546 3689 Quomodo
569 3608 719 3674 vocabulo
742 3608 941 3695 significanti:
965 3618 1070 3698 peetus
1086 3611 1216 3691 habens,
1240 3615 1361 3696 peotore
1380 3631 1467 3696 prae·

341 3724 441 3807 ditus,
475 3727 654 3813 procreandi
686 3728 771 3793 notio
805 3729 903 3794 inesse
937 3730 1050 3817 possit,
1086 3752 1147 3796 non
1180 3728 1281 3796 video.
1325 3728 1468 3794 Fortasse

341 3843 507 3911 Scholiasta
533 3845 624 3932 legit:
653 3847 853 3928 σπερμούχον
887 3846 1014 3928 χθονός.
1044 3848 1126 3933 quod
1155 3870 1207 3935 per
1234 3847 1468 3926 peripsemate

341 3962 481 4050 explicari
503 3968 614 4050 potest.
659 3964 739 4032 Fieri
760 3965 855 4051 igitur
876 3971 977 4053 potest
999 3971 1036 4032 ut
1059 3965 1212 4032 scholium
1235 3964 1405 4050 antiquitus
1421 3965 1469 4034 ita

341 4080 487 4169 seriptum
509 4081 617 4149 fuerit:

387 4200 595 4282 Σπερμούχον
618 4201 742 4284 χθονοςε
761 4201 846 4267 ’Ίνον
868 4201 910 4284 τῷ
934 4202 1072 4281 μονίμου.
1098 4199 1142 4265 ”H
1166 4201 1368 4284 στερνούχον,
1392 4203 1467 4270 αντὶ
1515 4277 1517 4281 ,

341 4325 394 4386 τοῦ
421 4320 587 4401 πεδνούχον
611 4320 719 4401 χθονός
746 4345 776 4388 α.
792 4345 823 4385 τ.
841 4321 865 4384 ἕ.
