3210 5292
238 693 319 756 Mihi
339 699 444 757 contra
464 694 610 759 scholium
632 693 820 759 referendum
840 694 958 758 videtur
977 695 1016 758 ad
1032 695 1196 779 posteriora
1214 700 1320 781 poetae
1364 755 1367 766 .

193 812 302 876 verba:
337 811 410 889 μηδ’
429 810 569 876 ἄλαστον
596 811 677 892 ἄνδρ’
699 799 785 882 ἰδών,
821 793 865 875 ita
894 818 929 875 ut
959 811 1103 891 συντύχοι
1138 811 1320 876 mutandum

192 931 286 995 sitin
310 932 487 1012 συντυχών,
514 932 596 1016 quod
623 932 738 1017 optime
766 952 886 994 sensum
909 930 1010 995 reddit
1041 951 1101 1014 quo
1125 930 1192 994 raas
1216 935 1319 995 nostro

191 1048 255 1112 loco
287 1057 464 1137 usurpatum
496 1057 558 1129 cst,
591 1071 684 1134 quum
717 1047 858 1120 οῦλαστος
892 1071 1012 1132 quoque
1043 1072 1060 1112 a
1087 1048 1211 1129 ποννρδς
1242 1047 1318 1114 nihil

192 1165 302 1233 differt.
347 1168 455 1252 ltaque
478 1167 626 1232 scholium
651 1167 793 1251 equidem
817 1166 862 1231 sic
886 1165 1074 1252 scripserim:

349 1286 432 1360 Mas’
454 1285 594 1349 daacrca
618 1284 701 1365 ἄνδρ’
722 1286 804 1370 ἰδών]
828 1285 918 1359 Μηδὲ
941 1285 1056 1365 ποννρςῦ
1080 1306 1139 1348 τινι
1209 1369 1211 1371 ¹

832 1403 1003 1482 συντυχών.

238 1523 276 1618 ln
298 1523 383 1588 libris
406 1524 532 1609 legitur:
557 1522 588 1586 τί
610 1523 636 1586 δ’
656 1522 693 1587 νῦν
721 1522 816 1594 θέλοις
845 1523 880 1586 τὸ
907 1523 1016 1587 πιστὸν
1042 1524 1181 1605 ἐμφῦναι
1206 1523 1296 1605 φρενί
1305 1552 1315 1599 ;

193 1644 242 1707 Ad
272 1663 348 1726 quae
379 1639 565 1740 Scholiasta:
597 1642 629 1706 τι’
654 1643 689 1706 τὸ
716 1643 826 1706 πιστὸν
857 1640 954 1713 θέλεις
982 1642 1138 1720 ἐμβαλεῖν
1163 1652 1202 1726 τῇ
1229 1648 1317 1724 φρενὶ

190 1759 321 1833 ἐκείνου,
344 1765 383 1840 τῦ
404 1766 457 1823 τοῦ
484 1761 607 1834 Θνσέοις
632 1760 787 1834 δηλονότις
816 1761 887 1824 rival
913 1765 987 1834 τοῦ,
1011 1759 1043 1825 τι’
1064 1761 1173 1839 βούλει
1192 1766 1317 1831 πιθανὸν

190 1879 453 1944 ανακοινιῦσασθαι
481 1881 523 1960 τῷ
548 1888 666 1954 Θαρσεῖς

232 1999 291 2063 Pro
323 2001 462 2081 ἐμφῦναι
490 1998 652 2064 scholiasta
676 1997 799 2062 verbum
830 1998 1025 2063 transitivum
1050 2000 1171 2066 videtur
1193 2003 1317 2090 legisse3

187 2119 284 2198 unde,
317 2118 439 2204 opinor,
465 2119 609 2197 ἐμφῦσαι
635 2116 845 2194 Hermannus,
870 2116 1009 2194 ἐμφῆναι
1034 2118 1194 2186 Nauchius
1217 2120 1318 2209 legen·

189 2235 260 2299 dum
284 2242 518 2322 proposuerunt.
1069 2239 1073 2245 ’

232 2354 394 2435 χρησίμοις
432 2356 483 2419 καὶ
519 2360 629 2432 τοῦτο,
668 2353 745 2418 ὥστε
781 2391 825 2404 -··
856 2349 1057 2432 παραδιδόναι
1088 2355 1122 2419 τὸ
1151 2355 1319 2440 οέπόρρντον

189 2474 230 2553 τῷ
255 2475 452 2555 πρεσβυτέρῳ
483 2477 550 2556 υἱῷ.
638 2487 639 2491 ’

231 2593 334 2672 Quum
352 2600 442 2678 poeta
461 2594 569 2658 habeat
589 2592 803 2677 superlativum
827 2594 868 2670 τῷ
886 2592 1088 2673 προφερτοέτςν
1106 2615 1316 2683 nequcregem

186 2711 277 2790 duos,
307 2733 366 2774 non
398 2711 543 2796 amplius,
569 2710 645 2775 filios
672 2709 781 2774 habere
810 2711 997 2774 consuetudo
1028 2712 1119 2791 ferat,
1144 2734 1205 2778 non
1228 2716 1317 2782 video

186 2829 338 2911 quomodo
368 2826 591 2914 comparativus
622 2831 663 2908 τῷ
693 2827 891 2908 πρεσβυτέρῳ
920 2850 980 2913 quo
1010 2829 1178 2898 Scholiasta
1199 2835 1314 2918 utitur,

186 2946 382 3033 explicandus
404 2947 454 3010 sit.
499 2946 716 3042 Scribendum:¹
740 2947 783 3025 τῷ
808 2945 1018 3027 πρεσβυτάτῳ
1042 2950 1106 3028 υἱῷ.
1144 2978 1152 2992 ·

230 3063 366 3149 Oedipus
390 3086 496 3129 caecus
519 3067 583 3150 ipse
608 3066 687 3129 viam
716 3070 882 3144 monstrat,
907 3065 1025 3130 dicens:

541 3225 543 3228 -
583 3183 655 3263 τῇδε
680 3183 739 3263 γοίρ
764 3185 799 3260 μ’
823 3181 896 3259 ἄγει

229 3303 345 3379 Ἑρμῆς
378 3299 390 3360 ὁ
425 3301 547 3377 πομπὸς
582 3299 600 3375 ἤ
627 3326 663 3365 τε
693 3300 815 3382 νερτέρα
841 3300 927 3378 θεός,
958 3303 996 3366 ad
1027 3325 1104 3387 quae
1132 3305 1312 3376 Scholiasta:

185 3417 267 3481 ποὶνν
296 3419 326 3482 δὲ
359 3425 477 3497 σεμνῶς
508 3421 559 3484 καὶ
586 3427 675 3484 τοῦτο
700 3423 812 3499 Ἑρμοῦ
843 3420 1036 3500 προσέθηκεν.
1082 3421 1207 3504 Itala,
1230 3433 1312 3493 recte

184 3536 222 3601 ab
243 3536 368 3603 Editcre
389 3539 525 3604 Romano
545 3541 755 3605 emendatum:
779 3540 831 3602 ael
853 3542 887 3604 τὸ
909 3544 962 3603 τοῦ
985 3540 1100 3620 Ἑρμοῦ
1116 3542 1309 3622 προσέθηκεν.
1402 3627 1405 3632 1

227 3656 318 3735 Quod
352 3656 514 3723 Elmsleius
545 3659 667 3724 scribit:
700 3661 752 3723 καὶ
786 3663 875 3724 τοῦτο
902 3664 1002 3739 Ἑρμῇ
1033 3659 1216 3739 προσέῦιριιεν
1249 3687 1310 3731 non

181 3773 330 3860 intelligo.
1144 3774 1146 3780 ’

304 3900 426 3958 πολλῶν
450 3895 512 3974 γαρ
539 3893 576 3958 dv
603 3898 656 3960 acl
681 3899 789 3975 μοέταν
814 3897 967 3974 πνμοίτων
992 3898 1173 3977 ἱκνονμένυν

402 4012 499 4078 ποῦλιν
523 4039 558 4080 σε
585 4016 703 4094 δαίμων
727 4017 840 4088 δίκαιος
868 4017 966 4094 αῦξοι.

223 4126 272 4190 Ita
295 4128 423 4194 Codices
445 4139 476 4196 et
499 4132 681 4214 Scholiasta,
705 4145 868 4202 annotans:
907 4136 1116 4219 Ἀποστρέφει
1137 4139 1187 4203 τὸν
1212 4139 1306 4219 λόγον
1378 4204 1379 4207 ,

179 4245 251 4323 πρὸν
279 4247 331 4312 τὸν
364 4249 525 4316 Οἰδίποδα.
562 4253 713 4336 ¹Plerique
744 4260 843 4320 tamen
873 4257 1003 4321 editores
1025 4280 1069 4320 σε
1093 4263 1251 4325 mutarunt
1273 4262 1306 4324 in

179 4368 277 4442 σφε,
302 4365 419 4431 scilicet
442 4367 620 4434 ne·Ohoras
643 4371 798 4438 absentem
821 4374 972 4461 Oedipum
994 4376 1205 4462 ahoqueretur.
