3210 5292
1505 584 1514 612 ι

252 679 302 732 581
386 664 501 729 Chorus
534 665 683 730 miseriam
710 666 809 751 gentis
839 665 1076 730 Labdacidarum
1112 687 1298 751 conquerens
1328 669 1468 735 flebiliter
1503 621 1509 654 a

239 787 311 841 seqq.
343 784 441 848 canit:

543 902 721 980 εὑδνιίμονες
745 898 802 967 οίσι
827 903 929 966 κοινῶν
953 899 1108 978 treveron
1131 901 1214 969 οοίοίν.

540 1019 583 1114 οἷς
607 1022 669 1102 peip
694 1021 732 1086 ίον
756 1023 860 1103 σεισίῇ
885 1019 982 1085 taetra
1006 1019 1097 1099 δόμος
1106 1070 1115 1099 ,
1138 1021 1219 1093 οὲποις

541 1141 623 1207 οὐδὲν
648 1140 786 1205 ἐλλείπει
811 1142 924 1216 νενεῖις
948 1139 999 1204 ἐπὶ
1023 1143 1138 1214 πλῆθος
1164 1139 1263 1221 ἕρπον.

293 1273 296 1282 “
385 1258 503 1325 Horum
531 1259 758 1344 interpretatio,
791 1260 823 1322 ni
853 1237 955 1338 fallori
974 1259 1047 1324 haec
1069 1268 1132 1325 est:
1162 1260 1278 1342 felices,
1311 1262 1364 1346 qui
1387 1261 1464 1325 nihil

341 1399 483 1466 umquam
518 1376 589 1441 mali
624 1377 738 1462 experti
772 1381 862 1455 snnt;
897 1400 967 1442 nem
998 1377 1107 1461 quibus
1129 1378 1219 1444 semel
1242 1380 1353 1445 malum
1376 1404 1394 1444 e
1418 1381 1464 1445 dis

339 1613 377 1678 ad
400 1623 563 1679 extremam
587 1613 688 1698 gentis
712 1612 860 1677 subolem.

384 1732 422 1796 In
453 1731 502 1796 his
524 1732 619 1817 igitur
641 1731 765 1797 verbum
791 1729 947 1810 ἐλλείπει,
972 1731 1193 1818 significatione
1216 1741 1322 1798 neutra
1344 1756 1466 1820 usurpa·

340 1857 423 1932 tnrn,
455 1850 625 1917 subiectum
648 1851 738 1916 habet
761 1849 843 1923 ν’ίσοις
869 1850 967 1932 οὐδέν,
997 1851 1034 1915 ad
1057 1850 1139 1934 qnod
1162 1851 1355 1937 participium
1378 1849 1466 1933 ἕρπον

340 1976 385 2033 est
407 1970 613 2052 referendum,
637 1971 755 2056 poetice
779 1970 895 2034 dictum
917 1992 991 2057 pro:
1017 1969 1099 2034 οὐδὲν
1125 1968 1208 2042 οὲτοις
1235 1969 1395 2051 ἑρπούσης.

383 2087 551 2154 Scholiasta
583 2111 653 2154 vero
685 2090 792 2153 horum
821 2088 898 2153 nihil
931 2088 1038 2167 habet3
1070 2089 1146 2154 falsa
1168 2090 1234 2155 eius
1258 2091 1466 2178 interpretatio

340 2206 411 2272 inde
439 2207 565 2272 fortasse
593 2213 657 2272 orta
690 2214 751 2290 est,
779 2206 860 2292 quod
883 2229 936 2292 pro
959 2205 1047 2287 ἕρπον
1072 2208 1229 2274 manifesto
1252 2208 1329 2295 legit
1351 2207 1464 2292 ἕρπον,

340 2324 424 2408 quod
456 2324 559 2389 Codex
593 2325 628 2390 L.
664 2324 772 2404 habet,
805 2325 1006 2410 superscripto
1036 2323 1135 2405 ἕρπον.
1182 2325 1238 2391 Eat
1268 2333 1370 2393 autem
1400 2328 1464 2394 eins

339 2440 549 2529 interpretatio
573 2442 661 2508 haec:
687 2445 766 2508 Ἀπὸ
801 2449 897 2509 κοινοῦ
927 2443 961 2508 τὸ
989 2446 1072 2512 ιιὶιίν.
1120 2441 1176 2516 ota
1203 2446 1265 2526 ροὶρ
1296 2445 1334 2510 ela
1360 2449 1463 2529 σεισθῇ

339 2558 428 2637 δόμος
436 2612 445 2641 ,
469 2560 587 2635 τούτοις
610 2561 623 2623 ὃ
645 2564 718 2628 atta
738 2563 820 2628 οὐδὲν
833 2561 911 2640 elane
933 2565 1091 2645 ἐλλείπει,
1114 2563 1210 2645 ἕρπων
1231 2565 1281 2629 ἐπὶ
1298 2567 1332 2631 πὸ
1349 2567 1462 2639 πλῆθος

339 2686 394 2754 τῆς
418 2685 542 2758 γενεῖος.

252 2827 313 2883 596,
388 2798 463 2862 Οὐδ’
486 2797 694 2863 ἀπαλλάσσει
718 2802 831 2878 ρενεοὲν
856 2803 955 2880 γένος.

386 2917 464 2981 Mire
487 2918 560 2982 haee
584 2918 746 2983 scholiasta
768 2920 998 3006 interpretetur:
1021 2918 1056 2985 τὸ
1082 2921 1169 3000 γένος
1196 2923 1231 2988 τί
1255 2924 1465 3002 ἐπιρινίρεενον

340 3039 392 3100 οὐκ
416 3033 622 3100 οίποολλιίσσει
646 3037 701 3110 cla
722 3035 834 3114 γενεοίν
844 3039 951 3118 ,ἀλλ’
973 3038 1023 3102 nial
1042 3041 1071 3103 ἕν
1087 3047 1234 3126 συμφορᾷ
1251 3043 1345 3109 ἐστιν.
1369 3043 1466 3121 Mira,

340 3154 482 3238 inquam,
502 3161 547 3220 est
565 3155 638 3219 haec
655 3155 877 3241 interpretatio.
922 3157 1088 3223 Manifesto
1112 3159 1192 3224 enim
1215 3184 1320 3227 sensus
1338 3161 1388 3225 hic
1403 3167 1465 3226 est:

340 3293 437 3356 neque
470 3272 577 3338 liberat
612 3273 768 3357 (miseriis,
806 3275 934 3362 seilicet)
970 3276 1084 3342 familie
1117 3278 1280 3360 familiam,
1316 3281 1374 3346 hoe
1404 3287 1465 3347 est:

289 3478 291 3483 .
339 3395 495 3475 parentum
520 3395 618 3471 aetas,
643 3391 781 3475 quamvis
804 3392 913 3458 multas
938 3393 1073 3460 miserias
1092 3418 1196 3480 passa,
1219 3404 1399 3463 nontamen
1418 3421 1467 3464 aas

287 3575 292 3582 ,
339 3507 493 3588 exhausit,
522 3514 556 3573 nt
578 3509 740 3575 liberorum
761 3516 843 3576 aetas
866 3511 904 3575 iis
927 3511 1021 3578 libera
1042 3513 1093 3579 sit.
1141 3514 1261 3580 Horum
1288 3538 1358 3581 vero
1381 3517 1466 3582 scho-

339 3627 426 3692 liasta
449 3613 527 3691 nihil
550 3625 649 3691 habet.

252 3777 312 3836 597·
385 3742 540 3825 Ἐρείπει,
583 3745 809 3828 κοιπιιβνίλλει,
841 3748 1026 3831 κοοσιιφέρει.
1080 3751 1209 3818 Duobus
1244 3754 1366 3838 punctis
1399 3759 1467 3841 post

342 3861 452 3943 ἐρείπει
480 3864 604 3952 positis,
628 3866 836 3933 scribendum:
861 3867 990 3946 ε’ρείπειι
1021 3869 1247 3950 κοιπνοβοίλλει,
1272 3872 1466 3954 κνισοιφέρει,

341 3991 376 4050 nt
399 3983 509 4064 ἐρείπει
534 3985 683 4050 lemmatis
705 3976 807 4050 locum
831 3987 975 4053 obtineat.

339 1495 507 1560 immissum
531 1501 591 1576 est,
615 1495 638 1559 ii
661 1495 788 1580 posthac
811 1495 894 1559 nulla
920 1517 981 1559 non
1004 1495 1172 1560 calamitate
1194 1496 1346 1577 laborant,
1370 1519 1465 1582 usqne

1583 3595 1584 3624 ι

144 4169 146 4174 ,
252 4133 304 4188 600
386 4108 453 4167 Νῦν
483 4105 545 4187 γὰρ
575 4103 720 4184 ἐσχοίποις
751 4102 845 4186 ἕπερι
871 4105 981 4190 ᾼείπει
1003 4106 1123 4190 ίιρίρον,
1151 4109 1186 4173 πὸ
1210 4105 1236 4173 ἕ·
1261 4110 1295 4174 σο
1318 4110 1349 4174 δὲ
1372 4108 1467 4187 λεγό-

240 4244 311 4300 seqq.
341 4221 432 4300 μενίν
467 4224 533 4289 ε’σει
568 4228 697 4289 τοιοῦτο·
733 4223 868 4309 sequitur
904 4225 1123 4312 interpretatio.
1169 4227 1208 4292 In
1245 4229 1360 4293 scholio
1394 4249 1467 4293 vero

341 4345 478 4428 sequenti
509 4344 657 4429 legimus:
683 4335 735 4407 εὀίν
763 4343 917 4423 σσίξιομεν
942 4341 1015 4427 κᾷτ’
1039 4339 1078 4409 ah
1103 4369 1164 4423 νιν,
1188 4346 1271 4411 οὐδὲν
1293 4346 1396 4413 λείπει
1424 4347 1466 4428 τῷ
