3250 5292
878 523 918 585 68

254 741 315 801 745.
387 729 490 794 Ταῦτ’
514 728 580 793 ἐστὶ
603 727 703 816 τάτη]
729 726 920 794 Ἐτθσταται
946 729 1008 811 etp
1034 730 1196 805 ἀκηκοέναι
1225 733 1268 796 τά
1294 733 1382 813 ταρά
1402 737 1455 797 τοῦ

342 849 545 929 Κάλχαντος.

386 971 424 1037 In
453 970 502 1038 his
523 969 639 1056 aliquid
660 970 807 1038 excidisse
828 970 959 1038 videtur.
1003 970 1200 1037 Scribendum
1224 972 1346 1059 opinor:
1369 974 1422 1039 θτθ
1442 1013 1456 1024 -

343 1114 440 1157 ταται
467 1090 529 1173 γάο
555 1090 625 1156 era
651 1091 693 1157 τὸ
721 1090 884 1166 ἀκηκοέναι
907 1091 949 1155 τθι
973 1089 1059 1171 ταοά
1081 1095 1134 1156 τοῦ
1159 1091 1362 1172 Κάλχαντος.

255 1229 317 1290 797,
389 1211 478 1277 Κάτί
506 1210 562 1299 τῳ]
601 1211 674 1276 ’Eri
711 1210 790 1287 τίνι,
825 1210 876 1277 θιά
908 1210 950 1276 τί.
995 1212 1096 1277 Recte.
1142 1209 1181 1276 In
1202 1211 1342 1278 lemmate
1362 1211 1458 1299 igitur

344 1353 466 1417 quoque
487 1331 647 1398 Flmsleius
670 1317 798 1398 scribere
819 1331 966 1398 debebat:
990 1330 1067 1396 κάτθ
1095 1332 1158 1411 τῷς

254 1464 315 1524 801.
388 1451 465 1516 Καθ’
493 1449 609 1532 ἡμέραν
636 1455 691 1524 την
724 1455 794 1516 νῦνι
820 1448 1043 1532 Ἀμφιβθλας,
1072 1449 1136 1525 θτοι
1176 1453 1280 1530 μαθὼν
1314 1452 1370 1525 τθιν
1405 1458 1456 1518 νῦν

342 1569 478 1654 ἡμέραν,
505 1570 522 1646 θ
547 1565 593 1635 θτι
619 1569 705 1636 κατά
731 1571 788 1646 την
812 1575 863 1636 νῦν
890 1569 1006 1651 ἡμέραν
1029 1570 1219 1648 τεθνήξεται.

384 1691 424 1757 Iu
451 1692 549 1779 priore
576 1691 709 1758 membro
737 1690 839 1757 Codex
867 1689 908 1756 G.
936 1690 1026 1756 etiem
1052 1690 1144 1757 habet
1164 1690 1268 1772 κατά,
1291 1692 1375 1776 quod
1397 1692 1457 1757 for-

339 1820 420 1878 tasse
444 1810 666 1898 recipiendum:
691 1809 754 1885 ἤτοι
781 1810 884 1889 μαθὼν
908 1811 1017 1874 κατά
1042 1811 1098 1885 την
1127 1815 1177 1875 νῦν
1202 1809 1338 1892 ἡμέραν,
1355 1810 1384 1885 -ἢ
1410 1807 1455 1875 ἔτι

341 1929 426 1996 κατθι
448 1932 504 2005 την
530 1934 580 1996 νῦν
603 1928 719 2011 ἡμέραν
746 1929 937 2008 τεθνήξεται.

185 2062 246 2123 815.
267 2065 312 2123 12.
380 2049 438 2116 Ἧι
466 2052 664 2130 τομθτατοςι
688 2050 774 2115 'Arri
798 2055 852 2116 τοῦ
880 2047 966 2120 trev.
1010 2052 1095 2134 Quae
1122 2056 1287 2137 sequuntur
1316 2051 1375 2118 huo
1396 2073 1458 2117 non

338 2170 507 2258 pertinent,
527 2170 579 2235 red
596 2170 750 2236 referenda
768 2170 894 2237 suntad
911 2172 1046 2258 proxima
1056 2177 1163 2259 poetae
1174 2171 1281 2237 verba:
1306 2170 1385 2253 εἵτῳ
1402 2171 1454 2236 καὶ

338 2290 516 2374 λογίζεσθαι
541 2289 655 2370 σχολή.
702 2290 787 2354 Dicit
809 2290 889 2356 enim
912 2291 1091 2357 scholiasta:
1115 2290 1229 2373 πρέπον
1260 2290 1323 2371 yolo
1348 2289 1388 2356 θιν
1411 2291 1457 2367 εἴη

271 2400 273 2406 ’
339 2411 381 2493 τῷ
415 2409 606 2487 ἀτηνδηκθτι
636 2409 813 2489 ἀλογίστως
848 2407 925 2476 εἶναι
961 2411 1012 2476 ἕτθ
1045 2412 1080 2476 τὸ
1112 2410 1307 2493 προκείμενον
1341 2435 1413 2479 κ.τ.
1429 2411 1455 2478 ἑ.

337 2529 377 2595 Iu
404 2530 454 2596 hie
481 2531 556 2618 ipsis
577 2530 679 2598 verbis
701 2525 812 2597 εἶναι
836 2531 1014 2599 mutandum
1036 2531 1157 2597 videtur
1178 2533 1210 2597 io
1234 2530 1358 2599 θέναιι
1382 2533 1457 2598 ἀκο-

337 2647 455 2727 oteres
477 2647 554 2716 ἱέναι
581 2651 631 2718 ea
660 2652 697 2717 τθ
726 2650 931 2733 προκείμενον.

247 2780 307 2839 831.
381 2770 535 2837 Τοταθτοθ
560 2773 602 2850 τ’,
625 2769 646 2836 ἀ
670 2777 748 2845 Ζεῦ,
778 2769 970 2856 arcersire]
996 2794 1046 2852 ηρ.
1070 2769 1223 2836 Τοταῦτά
1247 2793 1304 2836 τοι.

379 2887 465 2954 Haec
498 2890 581 2955 veria
608 2890 698 2956 lectio
724 2911 788 2956 esse
817 2911 879 2954 non
909 2896 1029 2977 potest,
1060 2889 1112 2955 sed
1143 2890 1264 2955 ridetur
1295 2887 1456 2954 scholiasta

333 3007 467 3074 indicare
496 3007 625 3074 voluisse
647 3007 736 3074 verba
759 3006 901 3074 τοταθτά
928 3011 968 3088 τ’,
995 3008 1021 3074 si
1042 3005 1128 3096 plene
1150 3008 1366 3089 scriberentur,
1389 3027 1457 3073 esse

332 3126 476 3193 resciret
504 3150 561 3195 τοι.
606 3127 714 3213 Itaque
743 3128 865 3214 signum
889 3123 942 3209 ἠρ.
973 3126 1155 3210 tollendum,
1180 3147 1361 3214 quamquam
1388 3133 1454 3191 tum

333 3245 510 3313 scholiastae
540 3244 642 3333 opinio
670 3245 746 3311 feles
775 3250 837 3328 est3
869 3247 900 3313 τ’
930 3247 1010 3314 enim
1033 3271 1078 3312 τε
1100 3269 1162 3313 non
1183 3270 1244 3312 σοι
1267 3246 1383 3329 valere,
1407 3247 1455 3312 rel

332 3372 463 3434 metrum
485 3386 554 3432 eum
576 3366 681 3432 docere
704 3370 834 3454 poterat.

377 3486 468 3567 Quod
501 3507 590 3573 porro
623 3486 662 3552 od
693 3485 795 3552 eadem
826 3485 917 3552 verba
943 3487 1129 3576 adscriptum
1159 3493 1222 3554 estc
1253 3485 1451 3573 Προττρθιιω]

331 3605 488 3672 Ἱκετεθιιν
521 3604 726 3689 ἐτιτὲρτομαι
758 3605 933 3693 typothetae
961 3627 1041 3673 error
1069 3629 1133 3674 esse
1155 3606 1274 3673 ridetur
1301 3629 1356 3694 pro
1383 3607 1452 3673 ἔτι·

331 3724 498 3808 τρέπομαι.

378 3847 393 3911 θ
416 3847 448 3913 δὲ
471 3851 637 3929 Σοφοκλῆς
664 3885 707 3901 -
729 3848 829 3928 ψιλῶς
856 3845 947 3929 φητθ·

540 3967 676 4048 τλενράν
700 3966 915 4050 ἀναῤῥήξαντα
937 3965 1015 4049 τῷδε
1041 3964 1220 4048 φατηάνῳ,

374 4086 457 4154 κατὰ
487 4087 520 4153 τθ
541 4087 596 4162 την
623 4088 761 4169 asserto
784 4088 828 4167 μὴ
852 4085 954 4153 εἷτιθν.

372 4206 520 4274 Memoris
547 4208 651 4294 lapsus
682 4206 842 4272 scholiasta
871 4205 993 4273 ridetur
1022 4205 1178 4294 scripsisse
1212 4203 1448 4288 ἀνκθθθξαντα,

329 4348 423 4416 quum
446 4347 549 4394 omnes
570 4326 644 4393 libri
666 4326 869 4410 διαρῥθξαντα
893 4325 1064 4415 praebeant.

238 4472 299 4534 337,
372 4446 577 4520 Τανθτοθαςι
619 4448 664 4511 Τὸ
698 4447 876 4522 eaucerem
905 4450 948 4529 τῷ
981 4449 1091 4526 μαθεῖν
1125 4444 1307 4512 συνακτέον.
1353 4441 1448 4531 Oica,
