3210 5292
880 492 920 551 80

336 692 417 776 plcre
441 691 570 756 videtur.
616 691 705 755 Nihil
737 713 806 756 vcro
829 693 1045 779 supplendum,
1078 695 1131 759 sed
1152 703 1216 759 arte
1238 694 1463 781 coniungenda:

337 808 489 889 ἕλεάάνρος
514 807 745 888 άπηλλάχάαι,
769 810 870 894 qualis
893 810 1079 877 abundantia
1102 813 1264 877 locutionis
1291 812 1375 898 apud
1396 811 1465 875 Sce-

335 928 421 992 nicos
444 934 490 991 est
511 926 766 1011 frequentissima.

248 1062 307 1116 493.
384 1044 433 1110 nd
458 1045 539 1110 hunc
558 1061 681 1110 versum
706 1044 891 1131 adscriptum
914 1053 961 1110 est
983 1047 1148 1112 scholiam:
1187 1048 1232 1112 Τδ
1258 1047 1464 1128 φιλόστοργον

337 1169 393 1236 τῆς
420 1163 507 1244 κάρος
533 1163 582 1228 διά
609 1163 723 1228 τούτων
757 1164 877 1243 decisos·
898 1163 1036 1244 άάφαοα
1061 1165 1124 1244 γάρ
1158 1167 1211 1230 οὐκ
1235 1167 1378 1246 ἠμέλησε
1404 1166 1463 1230 δα·

338 1283 431 1366 κράναν
458 1282 510 1347 καὶ
542 1280 751 1363 θρηνημάτων.
800 1281 915 1346 Revera
946 1282 1028 1347 hisce
1058 1284 1155 1369 pietas
1186 1283 1318 1369 virginis
1351 1283 1464 1370 perspi·

337 1403 427 1479 citur,
450 1401 502 1466 sed
522 1421 585 1465 non
608 1407 731 1487 propter
754 1422 821 1479 eas,
843 1423 919 1484 quas
942 1401 1103 1466 scholiasta
1123 1403 1209 1468 affert
1229 1424 1343 1468 cauam.
1376 1401 1463 1466 Non-

337 1521 409 1585 dum
429 1519 511 1585 enim
535 1539 643 1604 corpus
666 1518 761 1582 humo
783 1517 994 1598 mandaverat,
1023 1518 1078 1582 sed
1108 1519 1301 1584 lacrimaret
1328 1519 1463 1604 querelas

337 1637 463 1704 effundit
487 1638 564 1702 hano
587 1637 682 1723 ipsam
706 1636 745 1702 ob
763 1659 902 1716 cauum,
927 1636 1008 1721 quod
1027 1637 1128 1702 fratris
1146 1637 1335 1702 dilectissimi
1354 1635 1464 1722 corpus

337 1758 484 1823 nudatum
514 1754 651 1836 videbat,
687 1757 770 1840 quod
799 1756 863 1843 ipse
894 1761 983 1842 poeta
1014 1756 1152 1821 versibus
1186 1756 1381 1841 sequentihus
1408 1777 1464 1820 nos

338 1875 440 1942 docet:
466 1874 542 1941 οὕτω
569 1877 600 1940 δὲ
624 1872 750 1956 χαῦτη,
775 1876 868 1955 φιλδν
892 1877 929 1947 ὡς
953 1874 1007 1958 ὁρᾷ
1030 1874 1135 1952 νέκυν,
1159 1873 1273 1953 γόοισιν
1294 1871 1464 1955 ἐξῴμωξεν.

247 2018 309 2071 454,
380 1995 484 2060 'ssas’
504 1996 676 2082 άγραππα]
708 1995 800 2066 Τινὲς
833 1995 916 2075 φασδ
951 1994 993 2058 τά
1026 1993 1170 2076 γραππά.
1218 1993 1350 2058 Videtur
1382 1994 1465 2058 varia

337 2115 428 2181 lectio
451 2120 517 2179 orta
538 2135 603 2179 esse
625 2136 642 2177 e
665 2113 743 2178 mule
765 2121 888 2200 accepta
916 2115 1065 2200 scriptura
1087 2111 1317 2194 άοοάγραπτα.
1352 2111 1465 2178 Verum

338 2239 373 2298 ot
395 2233 471 2298 haec
501 2233 583 2297 varia
612 2231 719 2311 lectio,
751 2233 794 2296 ita
824 2232 889 2298 eins
912 2233 1139 2320 interpretatio,
1174 2235 1207 2297 οὐ
1233 2233 1295 2313 γάρ
1322 2230 1463 2312 άγραφοι

338 2355 396 2428 πάν
411 2352 483 2415 θεῶν
499 2352 525 2414 οἱ
541 2349 639 2430 νόμον,
664 2348 794 2414 absurda
817 2356 872 2416 est.
919 2351 1019 2416 Immo
1041 2351 1121 2436 leges
1144 2351 1282 2432 deorum,
1301 2351 1333 2416 id
1353 2358 1399 2415 est
1416 2351 1465 2416 fas

340 2471 495 2550 divinum,
528 2491 588 2534 non
620 2469 806 2554 conscriptae
836 2468 975 2534 formulis
1006 2475 1094 2548 sunt,
1126 2468 1178 2533 aed
1205 2469 1279 2555 ipsis
1306 2468 1464 2534 hominum

336 2586 487 2674 mentibus
521 2587 652 2654 innatae.
692 2585 901 2652 ¹Conseruntur
938 2609 1015 2672 quae
1044 2589 1081 2652 de
1115 2585 1163 2650 his
1198 2587 1317 2673 legibus
1350 2587 1463 2653 divinis

337 2713 427 2793 pocta
445 2712 549 2772 noster
571 2707 650 2770 dixit
671 2705 704 2769 in
719 2705 845 2792 ‘Oedipo
867 2707 948 2792 Rege
972 2728 1018 2772 rs.
1038 2710 1105 2771 ’865
1131 2727 1215 2790 seqq.

248 2843 309 2898 490.
383 2825 433 2891 Ad
456 2824 563 2890 verba:
587 2824 687 2900 κείναν
714 2826 904 2902 ἐπαιτιῶμαι
931 2825 1019 2888 τοῦδε
1050 2824 1222 2901 βουλεῦσαι
1251 2825 1357 2908 τάφον
1380 2826 1465 2890 addit

338 2944 515 3009 scholiasta:
539 2942 640 3008 λείπει
668 2947 684 3018 ἡ
710 2944 790 3023 περί.

380 3061 468 3127 Nihil
503 3061 667 3142 omissum,
709 3084 815 3127 varum
857 3061 945 3127 verba
980 3064 1023 3128 ita
1061 3065 1230 3149 iungenda:
1274 3067 1463 3144 ἐπαιτιῶμαι

335 3177 424 3246 τοῦδε
446 3184 499 3245 ποῦ
523 3180 646 3262 τάφον,
672 3179 784 3265 quibus
811 3179 930 3260 verbis,
958 3187 1111 3267 tamquam
1142 3183 1318 3269 explicatio,
1350 3183 1466 3251 accedit

336 3299 507 3365 infinitivus
530 3299 722 3378 βουλεῦσαι,
748 3306 784 3364 ut
808 3298 898 3366 verba
921 3299 965 3365 ita
994 3301 1056 3365 sint
1082 3302 1241 3368 struenda:
1273 3305 1463 3381 ἐπαιτιῶμαι

337 3417 425 3483 τοῦδε
456 3423 511 3484 τοῦ
549 3419 674 3502 τάφον,
706 3417 844 3495 δηλονότι
882 3419 1054 3497 βουλεῦσαι
1094 3421 1197 3486 αιἰοάν.
1245 3422 1336 3502 Quod
1370 3444 1464 3506 quum

338 3537 499 3603 scholiasta
521 3561 583 3611 non
605 3538 789 3604 intellexerit
813 3541 901 3603 suum'
925 3537 995 3618 περί
1011 3538 1147 3605 addidit.

247 3671 307 3730 527,
383 3654 575 3739 Φιλάδελφα
602 3657 687 3723 κάνοι
715 3655 833 3737 δάκρυα
856 3657 1049 3736 λαβόμενος
1086 3658 1130 3722 ita
1157 3658 1268 3745 legitur
1295 3659 1329 3723 in
1350 3660 1388 3726 Ιι.
1411 3680 1465 3745 pro

337 3773 448 3859 quihus
469 3773 630 3841 triclinius
647 3775 759 3858 ’δάκρυ’
779 3777 944 3855 εἰβομένη,
978 3800 1067 3862 quem
1098 3777 1233 3864 plerique
1261 3785 1333 3842 sunt
1356 3779 1465 3844 secuti.

334 3891 535 3959 Scholiastam
557 3901 656 3960 autem
680 3895 872 3978 φιλάδελφα
906 3918 960 3982 per
982 3896 1193 3978 Φιλαδέλφοις
1219 3897 1467 3983 interpretantem

335 4009 428 4091 δάνον
459 4012 569 4097 legisse
599 4013 736 4079 nonnulli
769 4021 942 4093 senserunt,
974 4015 1055 4081 unde
1078 4013 1172 4096 δάνον
1200 4016 1367 4094 λειβομένα
1394 4014 1466 4079 scri-

332 4128 466 4195 bendum
497 4139 728 4218 proposuerunt.
764 4131 875 4196 Verum
901 4133 976 4198 licet
1000 4135 1168 4199 scholiasta
1195 4134 1389 4216 φιλάδελφα
1412 4155 1468 4220 per

333 4248 541 4331 ’φιλαδέλφας
569 4251 785 4338 interpretetur
808 4250 921 4340 optime
951 4258 1054 4317 tanim
1083 4253 1148 4318 fieri
1177 4260 1279 4339 potest
1302 4261 1337 4318 ut
1361 4253 1468 4340 legerit

334 4365 469 4448 δάκρυα,
491 4368 585 4452 idque
609 4370 641 4432 in
664 4369 804 4452 sequenti
827 4371 941 4435 scholio
965 4371 1052 4460 plene
1073 4371 1195 4459 legitur.
