3250 5292
193 694 261 761 Lib.
285 696 323 761 V.
347 695 381 759 O.
406 699 458 761 22.
485 718 524 759 m.

165 831 167 834 ·
193 814 246 876 καὶ
271 792 305 884 δή
323 811 376 882 καὶ
399 814 429 876 ἐν
453 819 532 878 σοῖσι
554 809 659 879 θπισθε
674 810 794 888 λόγοισι
814 811 952 888 ρἰποδέξω
973 813 1010 882 ὡς
1036 811 1094 876 εἰσὶ
1110 809 1277 885 Ἕλληνες,

150 931 222 1008 πρὸς
253 930 284 997 δὲ
313 930 366 998 καὶ
398 931 423 997 οἱ
458 930 509 994 τὸν
542 931 572 994 ἐν
599 930 763 1011 Ὀλυμπθιι
794 929 949 1002 διέποντες
983 930 1092 1006 ήνῶνα
1123 929 1276 1012 [Ἑλλή-

151 1047 330 1134 υοδέκοιι]
354 1047 431 1116 οὕτω
456 1048 597 1128 ἔγνωσαν
620 1046 710 1114 εἶναι.

195 1166 385 1234 Vocabulum
408 1167 623 1244 Ἑλληνοδίκαι
649 1168 727 1238 male
750 1166 891 1233 abundat.

146 1376 165 1410 .·
194 1344 263 1410 Lib.
287 1345 438 1413 VIII.·O.
463 1350 505 1410 53
529 1347 550 1411 ἱ.

195 1463 347 1543 ἔμπροσθε
376 1461 413 1528 ὦν
440 1466 538 1550 [πρὸ]
569 1471 625 1535 πής
660 1463 862 1544 οὶκροπθλιος,
891 1463 995 1529 θπισθε
1018 1463 1049 1528 δὲ
1074 1469 1132 1527 τῶν
1157 1460 1277 1526 πυλέων

153 1581 205 1644 καὶ
229 1587 285 1654 πής
309 1580 415 1647 οένθδου
439 1619 483 1632 -
507 1581 609 1662 παθπή
633 1580 793 1659 ήυέβήσοέν
817 1605 907 1653 τινες.

135 1708 137 1712 ’
196 1698 438 1786 Expungendum
462 1701 517 1784 πρὸ
543 1722 611 1764 cum
637 1722 698 1765 uno
722 1699 842 1766 codice⁰¹

656 1905 658 1912 '
686 1934 748 2000 111.

199 2081 372 2151 Herodotus
395 2084 434 2150 V.
460 2087 514 2150 91.
538 2105 578 2154 m.

198 2200 283 2279 δήμῳ
323 2200 487 2281 θχαρθσπςρ
528 2202 751 2281 παρεδώκαμεν
790 2200 845 2272 τήν
883 2196 991 2272 πόλιν,
1031 2197 1061 2270 ὃς
1100 2199 1205 2266 ἐπείτε
1244 2199 1282 2262 δι’

155 2317 255 2393 ήμέας
294 2319 500 2400 ἐλευθερωθεὶς
536 2299 691 2400 οὶνέκυψέ,
734 2319 833 2395 ήμέας
872 2320 930 2396 μὲν
966 2319 1017 2382 καὶ
1054 2322 1106 2386 που
1140 2317 1281 2395 βασιλέα

154 2435 253 2512 ήμέων
293 2438 494 2518 περιυβρίσας
536 2439 692 2517 ἐξέβαλε,
735 2436 826 2514 δόξαν
868 2436 899 2506 δὲ
940 2434 1049 2516 Φθσας
1090 2433 1281 2518 αθξοθνεπαι,

153 2553 257 2620 ὥστε
286 2556 525 2632 ἐκμεμαθήκασι
551 2556 698 2634 μθλισπα
723 2557 780 2633 μὲν
812 2557 838 2622 οἱ
866 2554 1008 2636 περίοικοι
1036 2557 1136 2626 αθσῶν
1161 2554 1281 2622 Βοιωτοὶ

153 2672 205 2736 καὶ
233 2674 418 2753 Χαλκιδέες,
442 2675 534 2756 πήχα
558 2676 589 2741 δέ
615 2700 663 2747 πις
688 2677 740 2740 καὶ
766 2675 863 2746 θιλλος
888 2675 1099 2751 ἐκμαθήσεται
1122 2674 1280 2754 ἁμαρτών.

199 2793 257 2854 Pro
280 2789 380 2857 ὥστε
404 2794 596 2863 scribendum
620 2797 676 2864 ὥς.

688 3030 743 3095 IV.

196 3173 292 3240 Idem.
317 3173 374 3240 VI.
399 3179 452 3240 52.
475 3197 517 3241 m.

195 3294 250 3366 τήν
275 3292 332 3372 μὲν
360 3291 394 3365 δή
424 3292 538 3367 Πυθθνιν
567 3293 675 3364 παῠποθ
703 3303 762 3375 σφι
790 3297 932 3372 ἀνελεῖν,
965 3304 1044 3362 τοῖσι
1069 3295 1101 3362 δέ
1123 3295 1279 3364 Λακεδωι-
1333 3331 1336 3337 «

151 3410 278 3489 μονθοισι
306 3412 467 3492 ήπορέουσι
492 3412 575 3477 οὐδὲν
603 3408 693 3486 ήσσον
717 3408 791 3484 θκως
815 3413 957 3494 ἐξεύρωσι
982 3415 1085 3480 αὐτῶν
1107 3413 1159 3478 πδν
1186 3437 1280 3495 πρεσ-

123 3503 295 3612 ’βθσεροω
319 3531 484 3598 ὑποθέσθαι
506 3530 601 3614 ἄνδρα
627 3533 801 3608 Μεσσήνιον
822 3533 864 3612 τῷ
889 3531 1005 3610 οὕνομα
1026 3527 1104 3598 εἶναι
1128 3531 1278 3606 Πανθσιιυ·

151 3649 312 3716 ὑποθέσθαι
343 3651 374 3716 δὲ
398 3655 504 3732 ποῦπον
531 3654 584 3718 πδυ
609 3651 747 3727 Πανθπιιν
773 3650 850 3719 σήδε
879 3659 959 3716 τοῖσι
985 3650 1277 3740 Λακεδαιμονίοισι,

149 3767 296 3849 Φυλήξαι
322 3771 377 3846 τήν
409 3771 596 3850 γειναμένην
623 3770 758 3852 ὁκθπερον
784 3776 842 3836 πῶν
876 3769 994 3836 παίδων
1023 3768 1164 3850 πρότερον
1196 3769 1278 3840 λοθει

149 3886 201 3952 καὶ
228 3887 350 3978 σιπθζει·
374 3889 426 3956 καὶ
454 3889 488 3966 ήν
514 3890 571 3968 μὲν
599 3890 684 3956 καπθι
711 3890 818 3956 παθποδ
848 3888 1003 3972 φαθνιιπαι
1036 3888 1095 3953 αἰεὶ
1126 3892 1278 3960 ποιεῦσα,

150 4007 220 4080 τοὺς
247 4006 278 4070 δέ
305 4012 370 4073 ποῖν
393 4006 472 4087 ἐξειν
495 4005 562 4076 θ’σον
585 4033 615 4074 τι
642 4009 695 4075 καὶ
728 4009 864 4093 δι’ζήνπαι
892 4009 946 4075 καὶ
977 4007 1096 4077 θέλουσι
1126 4007 1276 4089 ἐξευρεῖν,

151 4126 184 4201 ήν
209 4126 241 4191 δὲ
262 4129 426 4193 πλανᾶται
453 4130 505 4195 καὶ
530 4129 628 4206 ἐκεθνή
655 4128 797 4209 ἐναλλὰξ
830 4133 982 4212 ποιεῦσα,
1013 4127 1094 4202 δήλή
1126 4131 1184 4210 σφι
1211 4125 1277 4196 ἐσε·

108 4249 110 4255 ’
150 4244 220 4316 σθαι
249 4247 288 4320 ὥς
311 4247 378 4321 οὐδὲ
414 4247 511 4323 ἐκεθνιι
537 4248 631 4314 πλέον
657 4249 739 4321 οὐδὲν
773 4246 853 4333 οἶδε,
888 4249 938 4318 ἐπ’
962 4247 1065 4324 θολλιιν
1099 4272 1135 4316 σε
1161 4246 1277 4328 τραπέ-

150 4364 219 4436 σθαι
247 4365 350 4447 σφέας
377 4365 452 4435 θδθν.
488 4367 623 4438 ἐνθαῦτα
641 4367 678 4442 δή
703 4368 773 4441 τοὺς
800 4371 1004 4451 Σπαρτιήτας
1027 4367 1112 4436 κασθ
1137 4366 1197 4437 σας
1222 4369 1276 4436 τοῦ
