3250 5292
858 465 899 529 54

188 691 249 749 118,
267 692 292 748 5,
366 676 418 756 ἐφ’
441 671 482 746 οἷς
506 673 642 754 οούχοῦοί
665 697 765 754 τινες,
785 675 933 739 τούτων
959 679 1136 757 cessaturas
1162 675 1247 756 παρὰ
1276 676 1361 748 θεῶν,
1394 677 1431 747 ὡς

322 794 374 860 scol
410 791 549 875 Θοὶμυοος
584 793 655 866 τὴν
691 797 904 877 μουσικήν,
942 795 994 860 sal
1027 793 1128 874 Νοὸβν
1165 799 1237 859 τῶν
1273 793 1431 861 τέκνων.

365 911 446 1000 Ergo
469 937 523 1001 pro
546 915 601 988 riv
623 916 770 994 μουσικήν
793 913 982 982 scribendum
1004 921 1076 986 τῆς
1099 921 1308 991 μουσικῆς.

232 1049 293 1108 135,
369 1031 479 1116 atera
502 1034 684 1116 ἀγχιάλους
716 1037 762 1100 Τὸ
786 1036 939 1116 θεμέλιον,
964 1037 998 1100 τὸ
1030 1033 1182 1116 ἕδροοομοο·
1213 1035 1281 1099 dael
1305 1039 1375 1114 τοῦ,
1398 1036 1433 1100 δι’

323 1153 354 1221 ὃν
378 1153 506 1221 ittotai
531 1159 548 1232 ἡ
574 1155 735 1234 Σοολοομίς.

366 1275 447 1341 Male
469 1275 564 1362 igitur
586 1275 745 1340 scholiasta
767 1275 840 1339 haec
863 1276 905 1340 ita
928 1275 1058 1361 accepit,
1090 1275 1174 1360 qnasi
1201 1279 1289 1360 pocta
1313 1273 1436 1339 Aiacem

322 1395 541 1482 quodammodo
565 1394 677 1476 βάθρον
704 1393 905 1471 Σαλαμινίων
928 1393 1103 1480 appellaret,
1139 1393 1333 1458 Homericum
1364 1391 1436 1458 illud

322 1511 404 1596 ἕρκος
429 1516 567 1594 Ἀχουῶν
591 1513 738 1580 imitatus.

365 1633 464 1699 Immo
486 1633 603 1719 poetice
629 1631 743 1698 dictum
766 1633 845 1698 nihil
867 1631 950 1697 aliud
976 1630 1142 1718 significat,
1164 1628 1240 1694 nisi:
1267 1636 1316 1711 tu,
1340 1631 1436 1712 Aiax,

323 1753 376 1839 qui
410 1751 561 1818 Salamina
594 1757 688 1820 tenes.
721 1753 760 1818 ci.
791 1750 873 1816 Phil.
903 1753 998 1818 1000.
1025 1757 1083 1830 γῆς
1110 1787 1153 1802 -
1185 1749 1307 1830 βάθρον.
1354 1751 1439 1832 Quae

322 1878 490 1958 sequnntur
512 1871 549 1938 de
571 1871 722 1938 vocabulis
744 1869 922 1952 ἀμφορύτου
953 1877 982 1936 et
1008 1871 1170 1950 οὶγχνοολου
1202 1876 1296 1956 agunt
1303 1898 1312 1950 3
1347 1869 1438 1958 digna

321 1998 421 2058 autem
443 1990 532 2058 verba
555 1997 644 2072 sunt,
668 2013 744 2077 quae
769 1990 945 2056 afferentur:
970 1993 1001 2055 οὐ
1026 1989 1150 2063 πάντως
1175 1988 1205 2052 δὲ
1228 1990 1260 2053 οἱ
1282 1988 1438 2069 sextans

321 2110 373 2178 κοοὶ
416 2111 577 2193 damiate!
615 2112 701 2176 εἰσιν·
736 2107 800 2177 οἵου
834 2109 924 2175 ἐστὶ
959 2111 1030 2175 aa>
1066 2113 1083 2186 ἡ
1121 2109 1437 2191 Ἀλεξάνδρειον,

321 2230 539 2313 ἄγχίονλος
565 2229 659 2309 μέν,
683 2234 754 2297 οὐκ
780 2231 1004 2314 ἀμφίοιλος
1034 2231 1085 2297 δέ.

363 2351 448 2418 Haec
477 2351 503 2416 si
532 2351 660 2438 legimus
690 2351 814 2417 dubium
838 2374 902 2417 esse
927 2374 989 2417 non
1015 2357 1132 2438 potest,
1156 2350 1208 2416 ubi
1230 2350 1305 2415 hacc
1326 2349 1440 2415 scholia

323 2473 491 2560 conscripta
513 2473 574 2538 sint
596 2472 642 2538 vel
664 2472 743 2539 unde
766 2473 911 2560 originem
932 2473 1054 2539 ducent.

286 2661 293 2675 ‚
367 2593 534 2675 chttpcvs
559 2592 606 2671 δὲ,
629 2587 687 2658 οἶόν
715 2595 779 2658 ἕστο
806 2593 858 2658 κυνὶ
882 2595 916 2658 οδ
944 2592 1033 2670 ἑξῆς,
1055 2591 1189 2657 τοιούσδε
1214 2590 1325 2669 λόγους
1349 2589 1438 2669 ψιθύ-

322 2736 387 2794 ρους
412 2713 469 2798 (vs.
496 2713 588 2797 148),
610 2712 680 2778 οὶντὶ
705 2717 758 2778 τοῦ
784 2711 989 2788 διάβολος.

364 2833 415 2896 Ite
448 2829 551 2895 scribit
585 2829 758 2910 Elmslcius‚
793 2839 940 2896 annotans
972 2831 1039 2896 MS.
1062 2831 1171 2896 habere
1202 2829 1436 2907 διαβόλους.

366 2954 468 3034 Atque
487 2948 559 3014 hacc
579 2947 700 3034 quidem
720 2950 867 3036 scripture
884 2951 1062 3034 quantocius
1080 2957 1124 3015 est
1143 2951 1344 3030 restituenda,
1369 2950 1440 3034 quia

321 3068 507 3150 referendum
536 3073 582 3132 est
603 3066 782 3154 vocabulum
805 3069 843 3133 ad
864 3069 1042 3134 antecedens
1063 3069 1224 3150 ψυθύρουςς
1249 3071 1275 3134 si
1298 3069 1378 3133 enim
1401 3067 1439 3132 ad

322 3185 482 3268 κονόορους
513 3185 691 3272 pertineret,
721 3187 882 3252 scholiasta
911 3189 975 3253 sine
1007 3187 1100 3254 dubio
1130 3190 1312 3275 scripsisset:
1347 3188 1438 3252 κυκό-

323 3309 404 3388 θρους
431 3305 477 3385 δὲ,
501 3306 570 3370 ἀντὶ
595 3309 647 3370 τοῦ
671 3305 825 3384 διάβολος·
850 3302 908 3372 οἷόν
932 3311 996 3372 ἐστι
1018 3307 1070 3374 xci
1096 3309 1130 3372 τὸ
1155 3308 1242 3385 ἑξῆς,
1266 3332 1294 3372 κ.
1306 3331 1336 3372 ν.
1351 3307 1375 3371 ἓ.

188 3447 249 3503 141,
267 3449 292 3504 ς,
369 3423 453 3492 natac
474 3427 505 3492 δὲ
528 3424 636 3491 εὔνου
657 3425 740 3498 ὄντες
766 3429 943 3493 anteactos.
983 3425 1105 3514 Corrige
1128 3433 1297 3493 accentum:
1323 3421 1435 3491 εὖνοι.

233 3576 293 3634 143,
366 3548 500 3626 Literas,
523 3570 600 3633 qnae
622 3548 654 3613 in
676 3548 713 3616 L.
731 3546 904 3612 obliteratae
926 3555 1013 3626 sunt,
1036 3568 1097 3611 non
1123 3568 1226 3612 omnes
1249 3568 1342 3631 aeque
1364 3545 1438 3610 bene

312 3667 475 3755 ¹supplevit
496 3665 669 3733 Elmsleius.
714 3665 827 3731 Scribit
848 3667 943 3732 enirn:

364 3784 510 3850 Τοιούοδε
534 3783 663 3864 abacos:
689 3790 727 3886 {O
749 3790 828 3857 νοῦς·
851 3785 932 3849 οὐδὲν
954 3785 1108 3870 irrogastis
1125 3785 1220 3870 εἰδὼς)
1241 3784 1435 3855 ν”Οδυοοοὺς

320 3905 500 3988 attractus
523 3906 647 3985 ψευδεῖς
670 3905 797 3985 λόγους,
822 3904 957 3976 ducalem
986 3902 1076 3982 μόνον
1099 3907 1137 3979 ὡς
1167 3903 1237 3992 (ἵης
1263 3904 1334 3988 ο)ν“υν
1357 3928 1435 3985 νεορ-

320 4025 417 4109 ροὶνυῳ
441 4022 538 4107 ξίφει.

363 4145 401 4213 In
423 4145 540 4211 ultimis
562 4146 661 4212 verbis
684 4171 700 4214 e
722 4147 831 4212 Codice
853 4147 878 4212 F
901 4148 993 4232 (caret
1015 4147 1095 4211 enim
1118 4144 1192 4210 0011.
1213 4143 1252 4210 G.
1274 4145 1331 4209 hoc
1350 4143 1436 4210 scho-

315 4266 369 4352 lio)
396 4264 598 4352 supplendum
621 4272 699 4332 erat:
723 4264 859 4337 οὶκούοονς
883 4264 972 4342 μόνον
1003 4266 1040 4336 ὡς
1069 4263 1167 4340 (εἴης
1198 4262 1341 4343 ὀφθεὶς
1364 4263 1434 4344 ο)ὺν

318 4384 479 4468 νεοροοὶντῳ
503 4383 600 4467 ξίφει.
