3210 5292
683 528 724 588 33

139 736 235 813 λόγῳ.
272 731 423 796 Audimus
441 731 537 815 igitur
552 729 719 794 secundum
734 727 928 792 scholiastam
937 777 946 808 ,
964 728 1136 793 coniectura
1150 732 1268 792 textum

139 852 362 929 restituentem,
397 849 612 932 obloquentem
646 846 750 934 priori.
803 846 912 929 Itaque
947 846 973 909 si
1006 845 1136 932 priorem
1170 844 1268 909 secuti

139 971 283 1056 legimus:
309 968 382 1032 κοτ’
408 962 447 1031 ari
474 990 527 1047 νιν,
552 964 749 1052 supplendum
779 969 826 1027 est
848 960 882 1044 i,
906 963 950 1028 ite
972 971 1007 1028 ut
1030 964 1121 1029 lectio
1143 964 1228 1047 ῥίζυς
1253 960 1272 1028 δ’

138 1089 254 1154 πέτοιτο
284 1087 367 1169 φοὶος
397 1087 591 1151 confirmetur
618 1082 748 1162 schclio;
779 1082 812 1146 in
840 1081 927 1148 libris
958 1082 1039 1147 euim
1061 1081 1191 1168 legitur:
1216 1086 1267 1147 νῦν

138 1210 202 1290 γὰρ
229 1206 374 1288 ἐσχάτοις
399 1205 472 1286 ὑπὲρ
497 1203 580 1286 ῥίζαις
603 1201 719 1275 πέτοιτο
744 1200 839 1283 Φοὶος.

49 1343 110 1400 602.
185 1327 289 1412 Ἀμρῖ]
320 1324 423 1406 θερίζει
451 1325 502 1387 κοιῖ
532 1321 687 1387 ἐκκόπτει.
735 1321 828 1402 Quod
858 1321 895 1386 de
925 1322 1046 1407 pulvere
1078 1322 1182 1410 (κόνις)
1207 1324 1268 1389 diei

139 1447 256 1530 nequit.
304 1443 418 1509 Addit:
443 1444 460 1517 ἢ
485 1441 662 1514 κοικύπτει,
689 1440 770 1524 quod
793 1440 911 1525 pulveri
931 1441 1189 1506 accommodatum
1212 1449 1267 1509 est'.

138 1565 228 1630 Prior
250 1561 460 1647 interpretatio
488 1560 582 1646 igitur
604 1562 780 1625 confirmare
806 1558 924 1623 videtur
946 1559 1094 1624 Brunokii
1117 1559 1268 1625 coniectu·

139 1705 204 1749 ram
228 1702 283 1767 pro
306 1679 384 1751 κόνις
409 1677 536 1764 legentis
560 1678 659 1749 κοπίς.

50 1819 113 1876 606.
186 1798 373 1879 Κοισοὶσχοιε
403 1798 582 1870 Εὐκτικῶς,
614 1798 651 1867 ὡς
682 1797 799 1871 ποιήσοι
832 1794 934 1875 τρίτου
958 1797 1130 1877 προσώπου·
1156 1799 1267 1879 ὑπερκ-

140 1917 243 2000 pavle
266 1923 419 1996 κρκτῆσοιι
443 1914 584 1981 δύνοιτοιι.

185 2037 289 2117 Quum
318 2035 532 2121 grammaticus
560 2035 626 2120 ipse
659 2042 781 2100 moneat
806 2033 966 2116 κοοτοέσχοι
991 2058 1053 2101 esse
1075 2037 1267 2123 optativum,

140 2176 195 2240 pro
218 2153 348 2229 δύνοοτοιι
373 2175 494 2237 quoque
517 2151 702 2238 scripserim:
727 2152 860 2218 δύνοιιτο.
907 2153 1013 2238 Ipsum
1036 2152 1270 2218 scholium'con·

143 2272 242 2337 firmat
263 2271 425 2336 lectionem
450 2269 641 2354 ὑπερβκσῖρι.

5 2471 7 2478 Α
52 2408 115 2464 646,
188 2387 316 2474 Πδνους]
347 2413 398 2469 γρ.
427 2388 544 2462 πέδοις,
569 2387 606 2453 ἵν’
633 2385 670 2469 ᾖ,
696 2387 859 2466 ἐμπόδιον,
885 2390 1036 2469 δεσμοὺς,
1060 2391 1192 2471 κώλνμοι
1214 2394 1268 2454 τοῦ

144 2507 293 2589 προὶττειν
316 2507 337 2573 οἳ
361 2508 527 2586 βούλεται.

187 2627 328 2715 Speciosa
345 2633 391 2692 est
410 2627 484 2692 haec
503 2627 586 2692 varia
608 2626 713 2707 lectio,
738 2649 828 2711 quam
844 2627 1012 2692 Scholiasta
1030 2636 1111 2694 reete
1127 2629 1271 2714 iuterpre-

145 2754 245 2826 tatur3
268 2753 369 2811 tamen
392 2747 517 2832 vulgata
539 2746 629 2811 lectio
651 2745 759 2818 πόνους
782 2767 843 2811 non
869 2747 1020 2832 tangenda
1042 2747 1174 2812 videtur.

53 2882 119 2938 663.
191 2863 366 2950 ’Τπερβοὶς]
393 2863 504 2928 Λείπει
528 2866 562 2928 το
587 2863 712 2929 Σίκκιον.

189 2983 281 3049 Nihil
292 2984 437 3049 omissum
444 3009 453 3063 3
467 2984 547 3048 valet
559 2984 640 3048 enim
652 2983 862 3064 ὑπερβοιίνειν,
883 2985 1061 3049 insolentem
1074 3007 1151 3066 esse,
1167 2984 1272 3068 itaque

147 3102 288 3185 ὑπερβάς
323 3111 386 3181 est,
422 3103 570 3182 insoleus,
601 3109 631 3168 et
667 3102 864 3183 ὑπερβοισῖοι,
898 3104 1076 3183 insolentia,
1112 3109 1148 3167 ut
1180 3123 1272 3188 supra

147 3244 183 3286 rs
207 3225 289 3304 605,
312 3230 342 3288 et
365 3223 477 3310 passim
499 3223 579 3309 apud
601 3221 786 3287 Homerum:
811 3221 958 3288 elocutae
978 3228 1159 3303 μνηστῆρος
1179 3224 1271 3301 ὑπερ-

147 3339 265 3418 βοισῖκς
288 3342 465 3419 ἀλεγεινῆς.

14 3476 72 3534 tw.
93 3473 118 3530 ν.
192 3461 435 3546 Κοσμουμὲνοις]
471 3469 545 3532 Τοῖς
581 3461 740 3541 ἄρχουσιν.
785 3460 937 3541 Ὅμηρος·
974 3465 1143 3541 κοσμήτορε
1174 3465 1269 3526 λινῶν.

148 3577 208 3642 Sed
242 3579 306 3643 lieri
339 3579 463 3664 nequit,
498 3586 534 3645 ut
566 3580 721 3666 passivum
756 3581 938 3658 κοσμεῖσθαι
974 3579 1024 3644 hie
1052 3579 1152 3644 activo
1182 3602 1297 3645 sensu

148 3702 327 3781 usurpatum
350 3696 405 3776 sit,
429 3696 510 3762 idem
537 3697 710 3784 significans
730 3697 814 3780 quod
837 3705 982 3775 κοσμεῖν,
1006 3697 1038 3761 id
1063 3703 1126 3773 est,
1152 3694 1273 3777 ἄρχειν.

148 3812 251 3898 Igitur
273 3813 363 3880 rerba
384 3822 448 3886 τοῖς
472 3815 688 3893 κοσμουμένοις
703 3815 841 3880 neutrius
856 3814 973 3900 generis
991 3836 1053 3879 esse
1074 3837 1197 3895 censeo,
1221 3823 1273 3897 ut,

149 3953 237 3997 sensu
259 3932 393 4017 passivo,
418 3932 606 4019 significent:
630 3956 679 4013 ea,
704 3955 780 4018 quae
803 3931 901 3996 edicta
924 3939 954 3996 et
977 3931 1122 4018 imperata
1148 3940 1229 3998 sunt.

42 4074 121 4132 κερ,
195 4051 222 4115 Ε
249 4051 434 4116 Scholiastae
456 4051 570 4118 verbis:
604 4052 731 4116 δυνοτὸν
760 4052 790 4116 δὲ
819 4050 872 4114 aa}
903 4049 1009 4128 ἑτέρως
1042 4051 1146 4123 καλῶς
1174 4075 1275 4129 μετκ-

94 4255 101 4267 .
151 4170 384 4249 βουλεύσοισθκι
415 4177 538 4256 apparet
566 4192 636 4234 eum
665 4170 774 4256 legisse
803 4168 965 4250 χοὶτέρυς,
997 4169 1079 4252 quod
1108 4168 1180 4234 inde
1201 4193 1277 4236 non·

152 4288 230 4353 nulli
252 4288 383 4354 editores
405 4295 579 4376 receperunt
600 4310 654 4374 pro
677 4309 729 4367 eo,
753 4289 836 4373 quod
857 4289 891 4352 in
909 4287 995 4353 libris
1011 4287 1125 4374 legitur
1139 4290 1276 4372 χάτέρῳ.

58 4429 124 4486 688.
198 4406 298 4494 Vulgo
321 4411 374 4473 σοῦ
398 4406 424 4470 δ’
448 4401 497 4471 οὖν
520 4405 652 4489 πέφυκκ
674 4427 769 4489 quum
796 4405 922 4492 legitur,
947 4405 1108 4472 scholiasta
1131 4418 1278 4476 memorat

1151 4529 1169 4589 3
