3250 5292
738 534 779 594 99

715 763 807 832 XIX.

236 948 1044 1061 mmmmmmmmmm.

237 1091 460 1180 Praescriptum
491 1092 548 1158 tibi
580 1114 650 1158 cum
673 1097 772 1173 esset,
800 1091 891 1158 homo
919 1091 1198 1179 impudentissime,
1222 1109 1324 1177 quem·

182 1210 358 1288 ‚admodum
389 1209 505 1276 iudices
528 1210 607 1275 inter
629 1210 748 1276 Siculos
772 1210 875 1289 dares,
906 1232 976 1277 cum
1007 1210 1196 1297 imperatoris
1218 1212 1326 1298 populi

196 1325 327 1393 Romani
350 1327 528 1408 auctoritas,
552 1327 720 1413 legatorum
745 1328 849 1395 decem
872 1350 1058 1394 summorum
1073 1329 1237 1400 ,hominum
1260 1328 1325 1415 dig-

195 1445 292 1525 nitas,
327 1444 622 1510 senatusconsultum
649 1446 864 1525 intercederet,
897 1481 936 1495 *-
965 1467 1039 1512 cum
1068 1463 1165 1512 omnes
1193 1453 1263 1512 octe
1297 1455 1326 1512 te

188 1566 356 1647 praetorem
391 1562 531 1648 Rupilias
565 1559 648 1649 leges
682 1566 713 1630 et
746 1563 779 1629 irr
814 1565 921 1631 ceteris
956 1564 1047 1630 rebus
1076 1569 1108 1630 et
1139 1564 1172 1629 in
1202 1564 1326 1631 iudiciis

195 1681 326 1746 maxime
349 1686 534 1761 servassent,
559 1687 594 1746 tu
616 1704 708 1747 ausus
732 1704 763 1747 es
786 1705 840 1770 pro
863 1682 961 1748 nihilo
986 1704 1057 1769 pree
1076 1687 1129 1748 tua
1148 1682 1257 1770 praede
1279 1687 1326 1747 tot

194 1814 241 1864 res
264 1799 467 1864 sanctissimas
489 1798 620 1864 ducere?

237 1909 453 1983 Scribendum:
477 1933 546 1982 oum
570 1935 668 1982 omnes·
687 1924 757 1982 arete
780 1920 810 1983 te
825 1925 990 2002 praetores.

489 2212 491 2216 ι
721 2098 793 2189 m

237 2273 285 2338 Id.
310 2271 389 2339 Ibib.
412 2271 451 2338 V.
476 2275 528 2339 54.
998 2371 1001 2377 Ι

238 2391 276 2457 D.
308 2390 343 2456 0.
375 2389 406 2456 S.
441 2387 608 2472 '‘libenter'’
638 2389 682 2454 ait
712 2413 744 2455 se
766 2389 882 2470 faeere3
913 2389 1015 2475 itaque
1037 2389 1206 2477 perscribit.
1230 2387 1322 2474 quid,

193 2512 220 2576 si
249 2509 307 2575 hoc
337 2509 428 2575 verbo
456 2529 619 2574 norrenses
643 2529 716 2572 usus
744 2505 921 2594 Llibenter']
947 2530 1001 2572 nos
1025 2507 1166 2573 videlicet
1190 2505 1324 2572 invitum

190 2635 221 2694 te
247 2635 406 2714 quaestum
430 2627 527 2692 fecere
549 2625 746 2712 putaremus?

235 2747 385 2834 Exporge
411 2745 548 2831 ineptum
572 2743 754 2810 vocobulum
777 2745 910 2812 libenter.

716 2952 807 3018 XXI.

232 3101 341 3167 Livius
365 3100 456 3166 XXI.
482 3103 534 3167 17.

234 3221 252 3306 t
276 3225 295 3284 2
319 3241 370 3284 sex
392 3220 426 3283 in
447 3233 516 3284 eom
536 3241 650 3284 annum
675 3217 810 3283 decretae
833 3217 977 3305 legiones.

233 3339 252 3424 t
276 3339 295 3401 3
319 3343 449 3423 quatuor
470 3342 501 3402 et
524 3333 636 3423 viginti
659 3335 796 3422 peditum
821 3334 1027 3402 Romanorum
1046 3334 1130 3401 milia
1156 3335 1268 3422 scripta
1295 3341 1325 3400 et

191 3455 272 3522 mille
295 3454 462 3543 octingenti
485 3455 612 3542 equites.

234 3575 252 3660 t
276 3577 294 3639 5
319 3573 398 3640 inter
426 3573 565 3640 eonsules
593 3573 638 3638 ite
668 3570 773 3657 copiae
804 3569 934 3636 divisae:
969 3568 1147 3657 Sempronio
1176 3569 1263 3636 datae
1285 3570 1325 3634 le·

193 3691 299 3779 giones
330 3691 407 3758 duae
438 3729 481 3743 -
511 3694 561 3778 [ea
595 3697 743 3779 quaterno
774 3679 862 3754 milia'
889 3693 978 3754 aecer
996 3687 1132 3772 peditem
1159 3693 1188 3752 et
1216 3687 1327 3753 treceni

191 3810 328 3896 equitee]
800 3882 801 3885 Ἴ

235 3927 392 3995 Postrema
415 3951 493 4015 quoe
516 3929 603 3996 uncis
633 3927 741 3994 inclusi
764 3926 855 3992 verba
879 3926 957 3991 male
980 3923 1146 3991 abundent.

703 4133 813 4201 XXII.

234 4283 282 4349 Id.
306 4282 388 4348 Ibid.
412 4282 446 4350 0.
471 4286 523 4350 51.
548 4287 578 4349 6.

237 4400 295 4485 (II.
325 4399 520 4486 Sempronius
539 4402 658 4486 consul)
682 4402 786 4467 multis
810 4399 900 4465 simul
923 4397 1030 4464 anxins
1055 4394 1137 4461 euris
1160 4392 1324 4460 exercitum
