3210 5292
699 476 738 538 la

64 693 122 747 263.
196 684 304 762 Κοὶμοθ
324 683 363 760 με’
396 706 453 746 του
485 682 579 745 τωῦτ’
604 679 705 744 dorla:
732 679 797 742 Κιιθ
827 701 877 755 μοι
908 683 966 743 τοῦ
1002 678 1107 744 τωῦτοθ
1143 682 1208 744 ἐστι
1238 679 1280 744 rai

152 801 312 881 λεγόμενοι
336 800 403 881 περὶ
429 799 581 874 Ἀθκνῶις

197 924 331 1006 Apparet
352 919 449 1005 igitur
471 917 669 983 Scholiastam
692 937 753 981 non
777 939 854 995 του,
886 915 938 979 sed
962 918 1020 980 τοῦ
1045 914 1168 1002 legisse,
1200 917 1283 1001 quod

153 1038 186 1102 in
208 1037 348 1103 lemmate
371 1058 491 1121 quoque
514 1033 746 1100 restituendum.

65 1168 125 1222 268.
198 1155 225 1219 u
247 1155 426 1220 scholiastae
448 1154 642 1220 annotatione
664 1158 787 1238 apparet
809 1173 879 1216 eum
903 1149 1029 1236 legisse:
1054 1153 1079 1217 sl
1097 1191 1138 1204 -
1159 1153 1242 1233 χροΐ
1264 1153 1281 1236 ἦ

159 1272 295 1349 asyam
330 1273 408 1338 hanc
442 1273 522 1337 enim
557 1270 735 1356 scripturam
770 1267 906 1334 defendit
941 1274 1045 1334 contra
1072 1271 1162 1335 aliam
1185 1274 1210 1336 cl
1240 1309 1283 1322 -

154 1389 264 1473 χροθῇ
288 1391 411 1469 λέγειν,
437 1395 516 1456 recte
540 1390 643 1455 dicens
667 1413 688 1452 οι
712 1388 854 1454 vocabuli
876 1395 972 1468 χρεῖοι
997 1389 1087 1454 breve
1106 1411 1187 1470 esse,
1212 1391 1285 1456 alias

156 1511 236 1576 enim
259 1511 333 1574 elidi
355 1532 415 1574 uon
439 1530 538 1595 posse.

65 1640 125 1696 296.
199 1624 245 1694 Εὖ
268 1638 308 1710 τῇ
331 1627 502 1710 οἷκοιιομθρο,
527 1623 606 1689 ὥστε
629 1625 673 1705 μὴ
700 1623 865 1705 δικτριβθις
891 1623 1054 1701 γενέσθιιι,
1080 1625 1127 1697 τίς
1151 1626 1165 1689 ὁ
1190 1627 1287 1692 κοιλέ-

156 1770 214 1812 σωι
239 1744 340 1812 ἔστωι.
388 1749 481 1810 Recte
505 1745 626 1829 quidam
649 1744 725 1808 haec
747 1747 908 1823 annotata,
939 1744 1030 1808 modo
1060 1746 1226 1811 referantur
1249 1745 1286 1810 ad

156 1887 264 1932 versus
286 1870 446 1948 sequentes
470 1865 533 1927 297
559 1868 589 1926 et
613 1863 693 1941 298,
719 1860 772 1924 uhi
794 1860 926 1946 legitur:

715 1980 828 2052 οκοτὸς
853 1979 885 2044 δέ
910 2002 973 2052 νιν,

341 2099 372 2173 ὃς
396 2101 480 2179 κιὶμὲ
504 2099 581 2180 δεῦρ’
606 2097 765 2178 ἔπεμψεν.
792 2096 916 2178 οἴχετιιι
942 2104 1071 2165 στολῶν.

66 2237 126 2295 337.
202 2223 248 2287 De
271 2220 430 2306 Aegyptiis
452 2225 604 2285 narratur:
628 2205 673 2282 Τι’
701 2219 770 2300 (μὲν
797 2217 874 2303 γὰρ)
899 2215 1081 2294 ε’ξθοτιισθοιι
1103 2227 1167 2293 τοῖς
1193 2244 1285 2302 τρεσ-

156 2339 295 2421 βοτθροις
321 2339 392 2411 τοὺς
425 2337 601 2418 νεωτέρους,
639 2337 815 2418 ὁμοτρόπως
849 2337 901 2401 κιιὶ
920 2339 1006 2416 ,ἡμῖν
1037 2339 1198 2415 διοικοῦσι,
1224 2344 1285 2406 τῶν

158 2461 304 2526 δ’ἄλλωο
328 2457 422 2524 οὐδέν.
559 2455 563 2464 ’

201 2580 239 2644 In
262 2578 372 2662 quihus
396 2598 457 2643 non
480 2577 632 2663 intelligo,
657 2576 809 2663 quomodo
832 2575 923 2642 verba
943 2578 996 2642 κοιὶ
1016 2579 1090 2655 ἡμῖν
1112 2578 1287 2665 explicanda

157 2698 228 2762 sint.
274 2696 430 2760 Praeterea
463 2694 567 2759 Codex
601 2693 690 2761 habet
720 2696 794 2771 ἡμῖν
830 2692 899 2774 nal,
936 2695 974 2760 ab
1004 2695 1121 2760 editore
1150 2697 1286 2763 Romano

157 2816 278 2879 inverso
303 2813 408 2877 ordine
440 2811 586 2897 positum.
633 2812 722 2878 Unde
751 2819 881 2899 augetur
909 2813 1041 2899 suspicio
1073 2812 1140 2878 κιιί
1165 2813 1287 2881 eiicien-

158 2933 335 3011 dumosae,
361 2938 397 2996 ut
419 2930 586 2997 scribatur:
612 2931 786 3012 ὁμοτρόπως
809 2934 882 3010 ἡμῖν
909 2933 1071 3005 διοικοῦσι,
1097 2933 1288 3019 quemadmo-

159 3051 231 3115 dum
252 3049 425 3115 Herodotus
441 3049 487 3113 ΙΙ.
504 3053 546 3113 49
565 3049 656 3116 dicit:
681 3049 840 3131 θμθτροτοο
855 3050 918 3130 γὰρ
934 3049 973 3116 θον
989 3047 1023 3126 ἦν
1043 3060 1121 3117 τοῖσι
1135 3051 1285 3128 Ἕλλησι.

204 3168 290 3248 Quae
310 3190 347 3232 ex
363 3166 576 3253 Nymphodori
593 3168 688 3248 libro,
709 3170 758 3234 cui
779 3169 963 3250 Βορβοιρικθι
988 3169 1107 3249 νόμιμοι
1130 3171 1288 3258 inscriptio

159 3287 235 3367 fuit,
269 3285 373 3350 attulit
396 3285 580 3365 Scholiasta,
613 3287 652 3350 ad
681 3288 826 3352 amussim
848 3287 1032 3374 respondent
1060 3289 1116 3370 iis,
1148 3312 1226 3373 quae
1252 3290 1289 3355 de
1327 3263 1329 3267 ι

161 3404 380 3491 Aegyptiorum
403 3403 538 3469 moribus
561 3411 663 3469 narrat
686 3405 859 3471 Herodotus
882 3405 927 3472 ΙΙ.
953 3409 1095 3474 35-37.

69 3538 132 3593 354.
206 3526 344 3590 Muunei'
362 3521 504 3601 ἄγουσιιι
528 3530 610 3588 Ποῖοο
632 3533 787 3601 μοιιιτεῒιις
815 3521 861 3590 ὅτι
883 3521 959 3592 tacu
986 3525 1063 3590 δ’θιθ
1085 3528 1286 3608 τιιφιθσετοιι,

89 3663 94 3668 ’
162 3643 306 3721 σωτήριος
330 3640 420 3708 ἔστωι
445 3650 484 3722 τῇ
510 3651 552 3724 γῇ
579 3641 689 3724 ἐκεθνρ.

205 3759 327 3826 anok
358 3759 541 3826 oTriolinio
568 3761 701 3848 scripsit:
733 3759 806 3828 θτου
833 3764 858 3826 δ’
874 3764 912 3830 ἂν
935 3771 1037 3848 τιιφῇ.
1084 3767 1117 3830 Si
1151 3766 1227 3851 quid
1256 3766 1289 3831 iu

162 3879 284 3966 vulgata
318 3880 468 3966 scriptura
500 3881 698 3962 mutandum,
733 3883 920 3970 scripserim:
956 3879 1031 3949 θτοο
1062 3884 1087 3948 δ’
1110 3882 1149 3949 aa
1180 3889 1287 3967 τροφῇ,

162 3997 252 4064 ἔστιιι
276 4000 420 4080 σωτήριος
444 4007 482 4081 τῇ
507 4008 549 4080 γῇ
575 3999 692 4084 taetra,
717 4002 818 4068 deleto
846 4003 939 4070 altero
965 4003 1066 4070 ἔστωι.

70 4134 133 4191 403,
208 4117 310 4183 Κᾶνειι
336 4119 417 4184 θεοῦι
442 4113 518 4193 οἷον,
543 4123 606 4192 τῶς
631 4117 669 4183 θον
693 4144 741 4192 τις
764 4126 871 4186 τοιῦτιι
896 4122 1154 4201 lavarnosco
1179 4121 1290 4203 totpo-

162 4260 219 4309 τος
244 4237 299 4317 ὢν,
324 4236 407 4310 θείοις
432 4237 590 4318 δυνάμεως
614 4239 729 4321 χωρίς,·
752 4241 843 4328 Legit
866 4241 960 4328 igitur
982 4242 1166 4310 Scholiasta:
1196 4240 1290 4308 κῖιιιευ

163 4357 229 4421 θεοῦ
261 4358 309 4430 τίς
332 4356 425 4424 τοῦτθ
449 4359 482 4436 γ’
513 4357 550 4422 ota
580 4359 688 4440 ριώμρ
711 4359 823 4438 aaron
859 4360 997 4426 Praestat
1034 4367 1136 4428 tamen
1169 4363 1291 4450 vulgata
