3250 5292
873 466 914 529 ⁷4

214 695 257 752 tt.
277 696 300 750 8.
375 679 425 744 Ad
447 683 553 765 poetae
576 674 681 742 verba:
706 675 759 751 ἤδη
787 674 849 754 γάρ
878 669 954 738 εἶδον
981 672 1135 744 πολλάκις
1162 670 1215 736 καὶ
1242 670 1312 742 τοὺς
1338 670 1450 750 σοφοὺς

323 797 414 882 λόγῳ
435 796 540 874 μάτην
563 795 747 870 θνήσκοντας
779 792 941 859 scholiasta
971 797 1071 858 narrat
1097 797 1199 858 notam
1221 791 1259 858 de
1280 789 1454 878 Pythagora

329 916 473 982 fabulam.
518 903 597 978 Tnm
631 912 732 978 addit:
770 915 812 986 εἰς
848 918 968 978 τοῦτο
997 906 1047 978 οὖν
1072 910 1166 977 ἔοικεν
1197 909 1452 976 άποτείνεσάοιιὸ

331 1041 507 1120 Σοφοκλῆς·
532 1031 600 1098 ἔνιοι
624 1032 655 1097 δὲ
673 1031 785 1099 οἴονται
808 1030 962 1104 άπιάάνοις
983 1033 1026 1105 εἷς
1048 1029 1205 1097 Ὀδυσσέα
1224 1028 1451 1095 άποτεάνεσάαι·

329 1158 390 1223 Pro
411 1161 501 1222 τοῦτο
525 1155 716 1222 scribendum
739 1157 899 1220 τοῦτονε
923 1154 1125 1240 Pythagoram
1147 1150 1274 1217 scilicet.

259 1290 301 1349 75.
374 1277 483 1359 Καιρὸς
516 1275 578 1356 γάρ
613 1271 707 1352 ἕσπερ
743 1274 902 1356 άνδράσινε
929 1275 1004 1352 Ἐφ’
1034 1270 1167 1337 ἑκάστου
1199 1267 1389 1351 πράγματος
1415 1269 1450 1334 πὸ

329 1399 442 1481 καίριον
465 1396 518 1462 καὶ
541 1398 782 1478 χρησιμώτατον
807 1394 820 1459 ὅ
847 1394 948 1476 καιρός
972 1395 1066 1480 ἔστιν·

368 1517 599 1604 Corruptahaec
610 1522 696 1596 sunt3
712 1513 904 1580 scribendum
916 1513 1050 1580 videtur:
1067 1513 1102 1578 τὸ
1121 1509 1235 1593 καίριον
1252 1511 1451 1594 χρκσιμάτα-

329 1635 380 1703 τόν
396 1639 490 1704 ἐστιν.
523 1635 642 1722 Pergit:
659 1631 733 1702 ὅπου
754 1634 807 1700 καὶ
826 1635 869 1700 τά
892 1635 1048 1700 σπουδαῖοι
1071 1634 1158 1716 παρά
1180 1634 1282 1716 καιρὸν
1302 1631 1451 1712 γινόμενα

330 1759 383 1824 οὐκ
415 1755 645 1838 άποδέχονται,
681 1757 719 1829 ὡς
745 1754 847 1838 ἰατρὸν
883 1757 926 1837 τῷ
954 1754 1101 1834 κάμνοντι
1133 1754 1202 1837 περὶ
1239 1760 1294 1828 τῆς
1326 1749 1450 1831 Φύσεως

329 1883 383 1944 τοῦ
417 1875 588 1954 νοσήματος
615 1875 856 1954 διαλεγόμενον,
891 1878 929 1951 ὥς
964 1875 993 1941 εἴ
1028 1899 1076 1948 τις
1111 1883 1175 1949 τοῖς
1212 1876 1355 1955 μεθύουσι
1383 1874 1450 1957 περὶ

331 1996 527 2081 σωφροσύνης
556 1993 744 2074 διαλέγοιτο.

254 2135 256 2144 ’
372 2117 487 2205 Lepide
511 2115 585 2183 haec
606 2116 751 2198 άκαιρίκς
775 2118 911 2204 exempla
934 2139 971 2182 ex
994 2117 1096 2201 aliquo
1123 2115 1272 2204 scriptore
1294 2116 1453 2204 desumpta

330 2261 394 2306 ease
406 2236 557 2303 videntur.
581 2237 657 2301 Post
670 2235 892 2316 διαλεγόμενον
903 2236 1094 2303 inserendum
1106 2233 1138 2313 t:
1154 2237 1172 2312 ἢ
1191 2238 1230 2309 ὡς
1246 2235 1274 2302 εἴ
1284 2259 1330 2308 τις
1348 2259 1378 2304 κ.
1389 2237 1453 2303 τ.ἓ.

215 2381 258 2438 87,
277 2380 301 2435 3,
373 2356 508 2437 Πλκνάς
533 2355 684 2438 ἀντήρεις·
719 2356 780 2422 Pro
806 2356 924 2443 integro
942 2356 1083 2422 lemmate
1102 2356 1277 2444 accipienda
1299 2362 1386 2438 sunt,
1417 2357 1455 2422 ad

332 2478 414 2564 quod
437 2475 604 2562 sequentia,
627 2481 663 2541 ut
686 2474 852 2556 scholium,
876 2475 1037 2561 pertinent.
1184 2478 1186 2487 “

208 2613 209 2616 ’
241 2618 301 2674 124,
376 2596 414 2662 In
437 2596 547 2663 vitiosa
570 2594 718 2662 librorum
741 2595 876 2661 omnium
899 2595 1066 2682 scriptura:
1176 2639 1178 2646 ·

529 2717 582 2781 τὸν
605 2714 707 2782 πάλαι
732 2717 767 2780 ἐκ
790 2717 917 2798 δολεράς
941 2713 1185 2786 άάεοιτάπας

532 2838 649 2917 ματρὸς
673 2835 781 2900 άλάντ’
803 2835 947 2908 άπάσαις
972 2835 1200 2915 Ἀγαμέμνονα

332 2979 386 3045 pro
410 2955 552 3041 quoiam
582 2955 636 3021 din
666 2955 832 3020 άάεώτασα
862 2955 1072 3023 eeonieetura
1094 2957 1268 3022 restitutum
1290 2961 1350 3037 est,
1386 2979 1455 3022 eon·

331 3075 424 3142 sentit
445 3073 622 3140 scholiastae
646 3072 861 3160 Ἀθεοντάπας]
885 3073 1050 3152 Ἀσεβοῦς.

241 3214 300 3270 130.
371 3193 481 3258 ‘Haec'
506 3193 585 3270 ἐμῶν
616 3191 785 3271 καμάτοιο
819 3188 921 3266 Οἶδα,
955 3192 1072 3273 Φησὶν,
1107 3191 1128 3258 ἃ
1160 3192 1308 3275 πράττοι,
1341 3194 1395 3259 καὶ
1420 3196 1453 3260 οὐ

331 3312 478 3380 λανθάνει
499 3337 558 3391 με,
587 3311 632 3378 δ’τι
658 3313 731 3395 ὑπὲρ
757 3314 793 3378 τὸ
817 3313 882 3378 δέον
906 3320 993 3380 ποιῶ·
1020 3315 1036 3390 ἢ
1063 3311 1133 3380 οἶδα
1159 3311 1204 3380 ὅτι
1229 3337 1281 3393 μοι
1304 3318 1453 3394 εὐνοεῖτε,

330 3434 380 3499 ἵνα
402 3431 545 3515 σννάπτρ
568 3435 610 3515 τῷ
632 3433 836 3516 προκειμένῳ,
861 3431 946 3510 ἥκετ’
968 3436 1048 3514 ἐμῶν
1071 3435 1222 3515 καμάτων
1247 3436 1450 3518 παραμύθιον.

326 3556 475 3633 ’Ἄμεινον
499 3554 530 3620 δὲ
552 3553 587 3619 τὸ
610 3555 737 3636 πρῶτον.

373 3674 472 3740 Immo
499 3676 588 3740 unice
618 3693 689 3741 vera
712 3682 758 3741 est
787 3677 935 3763 posterior
966 3675 1140 3762 explicatio,
1174 3675 1245 3740 licet
1277 3676 1342 3763 ipse
1369 3677 1454 3742 seho-

330 3795 416 3861 liasta
446 3793 540 3881 priori
568 3793 678 3862 faveat.
724 3797 834 3862 Sensus
864 3797 944 3861 enim
968 3796 1018 3860 hic
1041 3799 1101 3863 est:
1125 3795 1249 3861 venistis
1274 3815 1322 3861 mc
1352 3815 1454 3862 conso·

329 3915 459 3980 laturae:
495 3912 558 3979 scio
592 3919 623 3978 et
656 3914 797 4004 intelligo
831 3917 908 3997 hoc,
943 3937 1040 4000 neque
1074 3937 1121 3981 me
1153 3915 1244 4003 fugit.
1289 3915 1327 3982 In
1356 3916 1455 3982 verbis

330 4034 383 4099 acl
406 4037 439 4099 οὐ
462 4031 605 4100 λανθάνει
630 4056 690 4112 με,
727 4029 772 4100 άτι
801 4035 874 4116 ὑπὲρ
898 4035 934 4100 τὸ
963 4033 1027 4101 δέον
1052 4041 1167 4115 ποιῶ,
1199 4035 1341 4101 ultimum
1370 4057 1455 4102 roca·

331 4151 433 4220 bulum
455 4158 628 4241 corruptum
649 4173 713 4220 ease
728 4155 804 4220 mihi
816 4153 944 4222 videtur.
980 4155 1157 4241 Requiritnr
1173 4153 1355 4220 vocabulum
1372 4157 1454 4240 quod

332 4271 482 4354 einiardi,
522 4272 644 4359 lugendi
682 4272 934 4360 significationem
968 4273 1077 4353 habet3
1111 4279 1292 4361 quapropter
1325 4273 1455 4340 scriban-

332 4391 405 4458 dnm
427 4398 522 4478 puto:
546 4388 591 4458 ὅτι
619 4393 692 4475 ὑπὲρ
716 4394 751 4458 τὸ
778 4392 843 4458 δέον
865 4394 953 4471 νοῶ.
