3250 5292
184 690 279 751 astam
310 691 409 752 autem
443 687 704 772 interpretantem:
740 687 901 762 Πανοῦργε
935 681 987 747 καὶ
1022 680 1162 762 περθεργε
1210 679 1302 744 mani·

184 805 294 870 festum
317 812 362 871 est
384 807 491 893 legisse
514 807 544 870 id
571 802 678 870 ποθοτα
702 801 814 885 δρῶν,
838 800 1134 888 quodWalredeldus
1156 797 1299 865 restituit.

35 941 110 996 396.
131 939 157 996 2.
231 928 387 992 Ἐνταῦθα
412 925 444 990 δὲ
470 923 575 991 ἕλεσθε
599 925 668 990 ciart
693 928 747 990 ποῦ
771 923 879 995 οἱπλῶς
904 919 1038 999 addere.
1133 977 1136 985 .

228 1045 336 1110 Totum
369 1045 515 1110 scholium
538 1045 572 1110 in
601 1042 818 1110 recentioribus
844 1041 963 1107 scholiis
992 1040 1099 1106 iisdem
1122 1038 1183 1104 fere
1205 1037 1303 1104 verbis

103 1180 107 1185 “
183 1166 338 1252 repetitur.
383 1164 433 1231 Ibi
454 1170 554 1230 autem
575 1164 696 1251 legitur,
719 1164 801 1250 quod
830 1163 861 1227 in
893 1167 995 1226 nostro
1027 1181 1150 1243 quoque
1174 1157 1303 1224 scriben-

185 1283 273 1350 dum:
297 1285 432 1350 ἐνταῦθα
454 1257 485 1349 di
505 1280 610 1348 ἕλεσθε
634 1283 741 1355 aanor
765 1281 835 1347 cinai
859 1284 912 1345 τοῦ
938 1277 1070 1356 aleses.

92 1418 159 1476 437,
229 1403 366 1475 Πιθανῶς
387 1405 422 1469 πὸ
445 1404 488 1480 μῆ
508 1404 604 1468 εἰπεῖν
625 1401 754 1469 πλεθοοα
774 1406 827 1467 τοῦ
849 1401 965 1482 πατρὸς
989 1397 1301 1472 κακοπαθῆσαι,

188 1520 275 1588 οθλλθο
305 1525 348 1603 μῆ
375 1521 540 1590 ε’λοθππονα.

226 1632 270 1741 'Iu
291 1644 339 1709 his
363 1642 544 1708 vocabulum
568 1641 785 1714 κακοπαθῆσαι
811 1644 985 1726 corruptum
1000 1637 1129 1704 videtur.
1152 1637 1198 1703 De
1213 1636 1305 1703 infor-

187 1764 275 1829 tunio
304 1763 384 1828 enim
410 1761 581 1828 Telamonis
603 1767 693 1848 poeta
717 1783 755 1826 ue
778 1759 868 1826 verbo
893 1760 1014 1844 quidem
1036 1757 1189 1843 loquitur,
1213 1779 1305 1844 quum

187 1889 290 1949 contra
322 1883 359 1948 de
392 1882 480 1948 rebus
510 1905 527 1947 a
557 1880 790 1968 patreyfilioque
818 1879 947 1945 feliciter
972 1877 1063 1964 gestis
1090 1883 1121 1943 et
1151 1875 1189 1943 de
1213 1875 1306 1964 gloria

186 2002 258 2069 belli
285 1999 323 2068 ab
354 2003 446 2068 Aiace
471 2024 532 2066 non
562 2000 661 2065 minas
691 2022 779 2085 quam
804 2021 821 2064 a
843 1999 1005 2064 Telamone
1028 2002 1113 2084 parta
1136 2017 1231 2062 sermo
1254 1997 1304 2063 sit.

186 2121 295 2187 Sensus
329 2120 452 2200 scholii,
484 2126 589 2208 poetae
623 2118 721 2185 verbis
752 2117 890 2199 collatis,
921 2117 973 2182 hic
994 2119 1066 2182 'esse
1096 2115 1198 2182 debet:
1229 2115 1305 2181 bene

186 2246 273 2327 poeta
295 2241 447 2323 instituit,
472 2239 555 2326 quod
577 2239 701 2305 Aiacem
724 2261 785 2303 non
808 2238 957 2306 dicentem
974 2237 1063 2317 facit,
1085 2260 1116 2302 se
1134 2237 1202 2324 plus
1221 2241 1306 2322 patre

186 2359 263 2426 bello
287 2360 437 2440 valuisse,
459 2359 525 2441 sed,
549 2382 608 2424 non
632 2359 741 2440 minus.
775 2358 877 2446 Igitur
899 2381 953 2446 pro
971 2358 1188 2432 κακοπαθῆσαι
1206 2354 1305 2443 legen·

187 2478 258 2543 dum
281 2477 401 2545 videtur
423 2480 684 2561 acceptricem
710 2479 756 2544 vel
780 2477 929 2544 eiusmodi
952 2477 1035 2564 qaid.

95 2615 159 2673 453.
230 2599 293 2680 Qui
316 2599 456 2665 adhunc
479 2622 597 2665 versum
620 2602 761 2664 annotat:
786 2598 877 2680 Παρθι
900 2596 955 2670 τῆν
977 2598 1099 2678 αἰχμὴν
1121 2593 1303 2677 aientem,

187 2718 267 2804 apud
296 2725 413 2806 poetam
440 2719 516 2805 legit
545 2724 597 2784 aut
627 2717 726 2806 legere
748 2717 807 2784 sibi
829 2718 911 2783 visus
933 2724 996 2784 est:
1020 2715 1092 2782 ὥστ’
1116 2717 1147 2780 ἕν
1173 2714 1301 2781 τοιοῖσδε

186 2846 296 2920 χεῖρας
334 2837 496 2919 οἱχμοθξαι
529 2839 650 2917 dorcic,
685 2838 767 2924 quod
796 2837 873 2903 nihil
900 2843 957 2904 est.
1003 2835 1142 2905 Acristns
1164 2836 1304 2920 ῆχμασα

186 2957 296 3045 legitur
318 2981 362 3026 vs.
388 2959 427 3024 97
449 2958 540 3024 baius
559 2957 696 3039 fabulae,
717 2952 735 3032 ἦ
754 2957 805 3022 καὶ
830 2957 902 3037 πρὸς
924 2956 1128 3038 Ἀπρεθδοιισιι
1148 2958 1302 3040 ῆχιοασας

188 3078 286 3158 χέρας
312 3077 364 3143 ubi
388 3077 474 3142 multi
497 3101 513 3142 e
535 3077 708 3143 coniectura
730 3075 865 3142 scribunt
890 3075 1028 3158 ῆμαξας.

97 3213 162 3270 488.
231 3197 317 3262 Dicit
338 3197 508 3262 Tecmessa:

363 3318 423 3396 ἐγὼ
448 3317 474 3381 δ’
500 3315 653 3397 ἐλευθέρου
679 3315 736 3394 μὲν
760 3313 874 3398 ἐξὲφοι
902 3315 1038 3397 πατρός,

280 3469 282 3483 =
361 3435 547 3518 strepente
574 3435 726 3509 σθένονσος
753 3436 784 3502 ἐκ
808 3435 932 3518 πλοθπῳ
963 3440 1100 3518 Φρυγῶν·

231 3555 281 3620 Ad
318 3556 443 3623 alterum
483 3556 591 3624 horum
630 3579 768 3625 versuum
808 3562 905 3623 exstat
943 3556 1107 3637 scholium,
1146 3555 1227 3641 quod
1261 3555 1303 3622 ita

187 3674 347 3742 Elmsleius
370 3673 491 3742 scribit:

232 3793 391 3869 Σθθνονπος
425 3797 455 3860 ἕν
488 3795 630 3878 πλούτῳ,
662 3794 746 3877 εἴπερ
773 3795 853 3868 τινος
879 3799 937 3860 πῶν
962 3798 1102 3876 Φρογῶνε
1131 3793 1201 3859 aaa}
1228 3798 1301 3875 τοῦ,

185 3918 222 3990 ὦς
248 3919 302 3983 οὐκ
330 3915 429 3983 θιλλοο
457 3915 548 3990 σινθς.

227 4036 330 4103 Priora
351 4038 446 4126 igitur
467 4036 558 4103 verba
580 4037 623 4102 ita
637 4036 736 4124 posita
757 4039 845 4117 suut,
871 4037 958 4122 quasi
977 4035 1038 4102 siut
1053 4035 1161 4102 scholii
1176 4035 1285 4103 lemma
1291 4059 1302 4116 ς

185 4157 269 4244 quod
297 4156 363 4222 lieri
391 4179 452 4223 non
482 4179 568 4244 posse
594 4155 785 4244 perspicuum
808 4163 871 4238 est;
896 4163 967 4223 tum
985 4157 1065 4222 euim
1087 4157 1176 4223 verba
1198 4157 1302 4223 eodem

184 4273 291 4344 'ornae
312 4301 343 4344 se
365 4277 499 4365 excipere
522 4275 684 4357 debebant,
708 4300 768 4363 quo
790 4283 878 4364 poeta
901 4276 940 4342 iis
963 4275 1070 4344 utitur.
1101 4276 1228 4364 Propter
1243 4275 1302 4340 hoc
1401 4253 1404 4260 ,

187 4398 286 4485 ipsum
319 4397 380 4464 illis
415 4395 510 4463 verbis
544 4397 653 4463 scholii
688 4403 791 4463 auctor
832 4402 936 4484 poetae
971 4396 1135 4464 verborum.
1168 4396 1302 4462 ordinem
