3250 5292
887 479 927 540 52

350 684 395 751 ois
420 683 503 751 oanis
532 683 687 750 Lacaenae
716 684 768 770 (of.
794 707 838 748 vs.
872 685 910 748 19
941 683 981 762 μὲ
1009 680 1105 760 βοθσιν
1132 685 1331 770 κυκλοῦντο).
1377 681 1466 748 Suam

348 787 623 891 interpretationem
652 809 689 868 nt
716 801 821 888 probet
850 801 923 867 haee
953 801 1039 868 addit
1066 803 1243 871 scholiasta:
1268 802 1466 884 προέλκονπαι

351 922 413 1004 aaa
435 922 505 998 τοὺς
527 921 701 1003 κυνηγέταις
727 923 759 988 αἱ
786 920 872 1012 κθνες
902 919 953 985 ἐπὶ
976 921 1017 985 σοὶ
1046 920 1252 1003 ε’παγθμενα,
1278 921 1387 1004 παρ’θ
1414 923 1465 988 καὶ

352 1046 598 1126 ἔποικτῆροος
624 1041 691 1109 ἔνιοι
717 1041 852 1107 θέλουσιν
879 1023 989 1112 αὐτοὺς
1021 1044 1206 1123 καλεῖσθαι,
1236 1043 1283 1116 ὡς
1315 1045 1466 1125 ἐπαγο·

350 1165 501 1246 μένους
527 1165 600 1231 ὑπὸ
622 1168 699 1232 πῶν
727 1166 858 1226 κυνῶν.
883 1159 1049 1226 venatores
1070 1162 1248 1242 ε’πακιθρας
1273 1185 1393 1249 qnoque
1415 1186 1467 1228 vo·

351 1285 413 1353 oari
434 1309 540 1352 verum
563 1291 626 1368 est,
649 1283 702 1350 sed
724 1304 783 1347 non
807 1283 845 1352 ιθς
866 1280 1077 1358 ἐπαγομένους
1101 1282 1159 1347 ὑπὸ
1174 1287 1231 1347 πῶν
1247 1285 1356 1365 κυνῶν,
1373 1306 1465 1370 quum

352 1413 456 1476 eontra
483 1407 543 1495 ipsi
572 1427 660 1474 canes
682 1403 721 1469 ad
742 1402 852 1468 bestias
874 1412 980 1490 agant:
1003 1404 1042 1474 ὥς
1069 1403 1246 1481 ἕπθγονσας
1272 1404 1330 1478 τὰς
1359 1403 1464 1475 νθνας.

352 1526 390 1595 of.
413 1526 492 1593 Xen.
515 1525 590 1613 Cyn.
615 1528 667 1590 10.
691 1523 732 1587 19
756 1522 781 1586 οἱ
808 1520 839 1586 δὲ
864 1519 922 1592 aas
950 1520 1043 1593 κθνας
1068 1521 1249 1602 ἐπιέγουσιν.

236 1667 279 1724 23,
297 1667 323 1724 6,
396 1644 577 1731 Ἀλθμεθοι]
601 1644 654 1722 Τῷ
678 1642 716 1723 νῷ
736 1642 896 1720 οὶλιθμεθα.

396 1765 505 1833 Editor
531 1764 702 1830 Romanus:
731 1761 772 1842 τῷ
804 1761 841 1842 νῷ
865 1763 1137 1845 πλανώμεθα,
1162 1785 1239 1848 quae
1264 1761 1353 1827 lectio
1375 1761 1465 1827 stabi·

350 1885 425 1952 litun
446 1883 564 1951 scholiis
583 1879 812 1959 recentioribus,
834 1880 866 1944 in
887 1880 996 1966 qnibns
1014 1882 1139 1968 legitur:
1156 1883 1297 1962 θλῶμαι,
1312 1882 1346 1947 σθ
1366 1896 1464 1947 πλα-

351 2007 497 2083 νῶμαι,
521 2001 582 2079 ἀφ’
605 1996 639 2067 οὗ
663 1998 747 2080 θολν,
771 2001 787 2075 ἡ
812 1997 927 2074 πλοθνιι.

278 2141 321 2199 32,
394 2122 455 2187 Καὶ
484 2120 526 2186 roi
549 2122 605 2201 μὲν
629 2119 836 2200 σνμαθνομαιῑ
861 2115 951 2201 otoo,
976 2128 1094 2198 σημεῖα
1119 2121 1244 2202 ἐμαυτῷ
1266 2146 1336 2187 τινα
1362 2124 1463 2188 συνυθ-

350 2241 422 2320 θκμι
459 2241 521 2306 οθπθ
544 2246 598 2306 ποῦ
626 2239 751 2322 ἴχνους,
782 2241 825 2304 τοι
850 2239 881 2303 δὲ
912 2241 1025 2320 arroso·
1047 2243 1180 2305 τοιοῦτον
1205 2240 1267 2323 γθιρ
1296 2243 1462 2323 συμβαίνει

349 2361 413 2427 ἐπὶ
437 2361 508 2434 τοὺς
535 2361 700 2443 ἲχνευπθις,
725 2358 1012 2440 ἐπιταραττομὲνιον
1037 2361 1095 2424 τῶν
1119 2362 1222 2441 ἰχνῶν.

393 2482 453 2549 Pro
477 2481 543 2548 ἐπθ
564 2480 754 2548 scribendum
776 2478 882 2560 περί,
906 2479 987 2564 quod
1009 2478 1099 2544 habet
1120 2479 1194 2546 cod.
1218 2479 1256 2547 G.

279 2614 322 2674 33.
395 2603 434 2669 In
467 2611 572 2691 poetae
605 2602 719 2669 verbis:
754 2601 796 2666 πθι
831 2601 856 2664 δ’
887 2599 1113 2678 ἐκπέπληγμαι
1148 2601 1220 2665 κούκ
1259 2599 1322 2683 ἔχοι
1358 2605 1466 2682 μαθεῖν

352 2717 370 2787 θ
380 2745 455 2788 που
488 2723 574 2804 libri,
608 2723 698 2788 etiam
732 2720 880 2801 editores,
914 2720 1029 2785 variant
1062 2718 1141 2785 inter
1170 2714 1188 2783 θ
1195 2744 1266 2786 που
1303 2728 1334 2787 et
1366 2718 1466 2791 θτου.

352 2839 550 2910 Scholiastam
584 2841 843 2926 interpretantem:
878 2840 932 2904 οὐκ
966 2840 1028 2918 ἔχοι
1064 2834 1142 2911 θπυς
1175 2840 1263 2918 μοθθυ
1294 2847 1353 2907 ποῦ
1384 2843 1466 2907 ἐστιν

352 2965 474 3047 apparet
495 2960 604 3047 legisse
626 2961 699 3024 κούκ
722 2957 785 3039 ἔχοι
810 2959 920 3035 μαθεῖν
944 2953 1027 3023 θπου.

281 3097 325 3156 52,
398 3085 465 3154 Τῆς
489 3077 657 3154 οθννκθσιου
679 3080 805 3160 χαρῖιςι
831 3076 934 3156 Χαρθιν
958 3078 1035 3157 Φησὶ
1060 3079 1115 3151 τὴν
1139 3079 1188 3144 ἐπὶ
1214 3081 1255 3161 τῷ
1279 3081 1374 3148 δοκεῖν
1395 3082 1464 3152 τοὺς

349 3197 512 3275 Ἕλληνας
534 3199 711 3283 οὶνγρῆσθαι.

396 3317 481 3386 Haec
509 3341 578 3385 vera
607 3341 672 3385 esse
701 3341 762 3384 non
791 3323 928 3405 possunt.
972 3319 1117 3386 Nondum
1145 3321 1226 3387 enim
1255 3321 1333 3386 Aiax
1354 3321 1387 3386 in
1410 3323 1465 3386 Ar·

353 3437 476 3520 obitos,
503 3460 618 3524 neque,
646 3437 846 3506 Archivornm
869 3439 984 3525 specie,
1007 3438 1040 3505 in
1061 3441 1190 3526 pecudes
1213 3440 1355 3507 saevierat
1362 3468 1372 3521 3
1397 3439 1464 3522 sed,

352 3580 448 3644 quum
471 3558 503 3624 in
526 3580 561 3623 eo
583 3563 660 3624 esset
682 3562 717 3623 ut
739 3557 885 3644 impetum
908 3557 940 3623 in
963 3557 1085 3623 Atridas
1109 3559 1217 3625 faceret
1243 3562 1302 3644 (vs.
1327 3564 1388 3625 49:
1411 3559 1465 3624 καὶ

353 3678 387 3751 aa
412 3677 458 3743 ’πὶ
482 3677 602 3750 δισσαῖς
627 3671 661 3752 ἦν
684 3676 889 3759 σσραπνγθσιυ
911 3675 1040 3760 πύλαις)
1059 3677 1198 3745 Minerva
1212 3701 1280 3746 enm
1296 3679 1465 3767 prohibuit,

352 3796 519 3880 δυσφθρους
555 3797 606 3863 ἐπ’
634 3795 755 3877 ὄμμασι
786 3795 912 3876 γνιθμας
940 3796 1108 3879 βαλοῦσα,
1129 3797 1172 3863 ita
1197 3802 1233 3863 nt
1258 3798 1333 3864 iram
1358 3798 1391 3864 in
1415 3821 1466 3887 pe-

352 3897 444 3993 ondes
466 3923 661 3984 converteret.
688 3916 856 3984 Perfectum
879 3916 1041 3999 οθνμμῑσθαι
1066 3917 1162 4004 igitur
1183 3924 1264 3984 oerto
1285 3919 1390 3986 falsum
1409 3925 1466 3989 est.

351 4038 426 4106 Non
455 4037 551 4104 ausim
579 4044 678 4104 tamen
705 4037 907 4103 coniecturam
937 4058 1107 4124 proponere
1132 4036 1165 4101 in
1192 4059 1225 4103 re
1249 4037 1447 4106 incertissima
1454 4067 1466 4122 ς

352 4181 441 4241 nam,
475 4164 510 4224 ut
542 4151 701 4224 Nauokins
736 4162 816 4222 reete
849 4155 961 4242 aperit,
994 4156 1094 4242 ipsum
1128 4156 1306 4224 vocabulum
1340 4163 1466 4244 χαρᾶς,

351 4279 389 4345 de
422 4278 508 4345 onus
546 4275 789 4364 interpretatione
821 4276 878 4342 hoo
916 4275 1028 4342 scholio
1065 4275 1181 4362 agitur,
1216 4285 1386 4365 corruptum
1420 4277 1467 4346 vi·

354 4400 450 4468 detur.
