3250 5292
870 483 908 547 76

371 689 456 756 Haec
478 711 540 754 nou
561 693 641 753 recte
659 709 691 753 se
708 687 829 756 habent.
864 687 948 752 Dicit
972 687 1053 753 enim
1072 686 1246 752 scholiasta:
1271 691 1325 750 aut
1343 682 1447 764 οἱχέοιν

326 807 519 896 participium
531 813 591 888 est,
612 813 666 872 eut
677 845 720 858 -
732 806 835 891 sequi,
853 807 970 893 opinor,
982 806 1123 873 debebat:
1141 813 1194 872 aut
1207 803 1445 883 substantivum,

328 926 378 994 vel
398 925 480 994 aliud
503 925 578 1012 qnid
600 949 617 991 a
639 926 799 1014 participio
821 924 982 992 diversum.
1011 925 1123 992 Verum
1142 926 1322 1009 inutraque
1341 923 1446 989 scholi·

326 1054 407 1113 astae
429 1045 628 1132 explicatione
650 1044 754 1127 οὶχέοιν
779 1067 833 1132 pro
856 1045 1016 1132 participio
1042 1045 1191 1132 accipitur
1216 1043 1384 1134 (δυσφορῶν
1402 1079 1445 1094 -

327 1163 541 1251 λυπούμενος).
566 1164 667 1246 Quare
689 1165 772 1252 prius
794 1164 811 1240 ἥ
836 1186 907 1229 cum
929 1163 969 1232 G.
993 1173 1024 1231 et
1046 1165 1139 1232 Suida
1161 1162 1360 1231 omittendum
1383 1168 1437 1228 est.

165 1295 295 1356 lauit.
370 1285 606 1367 Ἀπερίτροποςι
633 1284 893 1368 Ἀνεπίστροφος,
917 1283 1236 1357 ανεπὲλενστος.

369 1403 527 1470 Redeundi
548 1405 647 1486 notio,
671 1425 762 1489 quam
784 1426 889 1470 sensus
902 1404 1031 1489 requirit
1046 1405 1122 1471 mihi
1137 1425 1199 1470 non
1214 1403 1332 1469 videtur
1347 1402 1442 1468 inesse

326 1521 474 1588 vocabulo
506 1521 744 1596 οένεπέλενστος.
792 1523 900 1589 Redire
933 1545 1028 1609 quum
1058 1523 1099 1587 sit
1128 1519 1302 1595 ἐπανιέναι,
1333 1522 1441 1606 isqui

325 1663 385 1706 uon
412 1640 490 1706 redit
519 1651 599 1706 recte
630 1640 705 1706 mihi
729 1640 848 1706 videtur
869 1640 931 1706 dici
954 1639 1339 1722 ιἰνεπανέλευστος,
1363 1638 1443 1724 quod

325 1758 499 1826 vocabulum
521 1781 557 1826 eo
578 1759 780 1825 commendari
803 1759 940 1841 videtur,
967 1759 1048 1846 qnod
1071 1758 1189 1840 Codex,
1212 1759 1352 1825 Elmsleio
1376 1781 1442 1824 auc·

325 1885 406 1958 tore,
429 1867 531 1945 altero
547 1879 614 1946 loco
637 1860 888 1951 asinitatem,
917 1877 1008 1943 altero
1030 1877 1264 1951 οὶνεποὶνιενστος
1288 1878 1388 1945 habet.

234 2017 295 2074 188.
364 1999 427 2071 'Aa
455 1998 547 2082 Φίλος
575 1997 656 2070 οὔτις
690 1998 784 2077 erip:
813 1995 905 2063 Ἤτοι
938 1991 971 2071 ἧς
998 1997 1091 2079 φίλος
1115 1998 1211 2070 οὐδεὶς
1235 1999 1442 2079 προΐσταται,

324 2118 413 2183 ἀλλὰ
434 2116 551 2190 πάντες
576 2117 650 2183 εἰσὶν
677 2119 707 2182 ἐν
730 2118 936 2198 ἀτυχήμασιν
960 2117 1195 2196 εὐλαβούμενοι·
1220 2117 1237 2194 ἢ
1262 2118 1368 2182 ἐκεῖνο·

515 2236 636 2318 Ἀνδρος
660 2241 761 2309 κακῶς
786 2235 976 2318 πράσσοντος
999 2238 1131 2303 ἐκποδὼν
1154 2237 1253 2321 Φίλοι.

370 2357 427 2424 Pro
451 2359 467 2433 ἢ
496 2358 590 2422 ἐκεῖνο
615 2379 683 2421 cum
705 2354 745 2422 G.
769 2355 960 2422 scribendum
983 2359 1028 2430 ὡς
1057 2359 1162 2423 ἐκεῖνο.
1199 2356 1261 2438 Qui
1278 2357 1359 2422 enirn
1376 2363 1446 2443 post

324 2479 396 2542 haec
420 2477 509 2544 verba
532 2481 714 2544 memoratur
737 2498 840 2542 versus
863 2499 915 2556 ea,
943 2500 1020 2562 quae
1043 2478 1075 2542 in
1101 2475 1346 2544 antecedentibus
1365 2475 1445 2541 dicta

325 2603 411 2676 sunt,
435 2595 578 2664 illustrat.

236 2739 296 2795 204,
366 2717 534 2796 ’Έκπαγλ’
558 2714 655 2804 ἄχθη]
683 2740 733 2796 γρ.
757 2713 912 2794 ἔκπαγλα
935 2717 1030 2792 ποίοις.

371 2836 454 2901 Haec
484 2835 566 2900 varia
593 2833 683 2899 lectio
707 2834 787 2899 inter
809 2856 857 2899 eas
879 2834 1033 2900 referenda
1055 2843 1118 2914 est,
1142 2858 1219 2921 quae
1241 2857 1277 2900 ex
1301 2836 1444 2921 interpre-

324 2956 439 3020 tatione
461 2959 544 3019 ortae
567 2959 648 3020 snut.
682 2952 732 3018 Ne
754 2960 876 3039 propter
897 2959 1025 3018 metrum
1046 2953 1168 3038 quidem
1187 2953 1341 3032 ἔκπαγλα
1359 2953 1443 3029 ποίοις

324 3073 414 3139 scribi
435 3078 543 3160 potest.

235 3209 295 3268 207,
369 3190 410 3257 Ai
432 3192 483 3256 τὸν
503 3191 575 3269 ἔριον
598 3186 679 3256 εἷλον
702 3188 786 3267 βίοις
810 3188 897 3254 ntra
920 3190 1103 3271 περιπαθῶς·
1128 3189 1241 3264 αἵτινες
1266 3201 1384 3274 χεῖρες,
1408 3193 1441 3256 αἱ

323 3313 489 3376 οὶνελοῦσαι
513 3311 563 3375 τὸν
588 3309 832 3389 Ἀγαμέμνονα,
859 3311 911 3374 τὸν
934 3307 1007 3388 isaia
1027 3309 1094 3388 βίον
1118 3315 1254 3384 ιἰνεῖλον,
1278 3311 1331 3376 καὶ
1355 3311 1441 3392 προέ-

322 3433 420 3496 δωκαν
443 3437 507 3502 τοῖς
533 3429 661 3511 ἐχθροῖς.

364 3549 466 3615 Multo
496 3525 716 3636 significantius
746 3550 892 3637 scriptum
922 3557 1013 3617 esset:
1045 3550 1158 3624 αἵτινες
1187 3559 1291 3632 χεῖρες
1329 3591 1365 3600 -
1390 3551 1441 3616 τὸν

322 3670 394 3749 ἐμὸν
432 3667 498 3748 βίον
535 3675 796 3734 συνανεῖνιον.
842 3668 926 3734 Dicit
956 3669 1035 3735 enim
1066 3671 1199 3737 Electra:
1230 3693 1306 3755 quac
1336 3695 1441 3737 manus

324 3787 588 3876 (Clytaemnestrae
622 3797 652 3855 et
685 3788 837 3875 Aegisthi)
871 3790 1126 3875 Agamemnonem
1157 3797 1314 3870 necantes,
1346 3813 1440 3856 meam

323 3930 445 3994 quoque
469 3907 562 3973 vitam
585 3907 673 3973 simul
696 3908 915 3973 exstinxerunt.

191 4051 251 4107 213,
269 4051 296 4110 3,
368 4028 453 4108 Quae
472 4027 543 4092 inde
559 4025 597 4118 ab
618 4025 731 4099 οἰκείας
749 4027 781 4091 in
802 4026 924 4092 Scholio
942 4027 979 4092 ad
994 4028 1074 4093 hunc
1089 4050 1207 4094 versum
1230 4030 1382 4116 leguntur,
1403 4029 1441 4096 ab

324 4145 439 4232 origine
466 4168 526 4211 non
555 4144 709 4233 pertinent
738 4145 776 4211 ad
798 4145 920 4224 lemma,
952 4147 1035 4231 quod
1058 4146 1170 4213 scholio
1192 4150 1355 4234 praefixum
1379 4153 1439 4214 cst:

314 4249 441 4348 ’Φραζον
472 4267 516 4344 μὴ
549 4265 649 4346 πόρσω
680 4274 804 4346 φανεῖν,
837 4266 889 4331 sed
918 4289 972 4354 pro
1001 4266 1119 4353 integro
1148 4268 1263 4334 scholio
1292 4291 1361 4333 cum
1385 4289 1440 4332 suo

323 4385 461 4450 lemmate
484 4385 658 4471 accipienda
681 4390 769 4466 sunt,
796 4385 830 4450 in
853 4385 932 4452 huno
954 4386 1093 4452 modum:
