3210 5292
863 471 907 544 36,

231 681 292 740 851.
367 670 445 736 Ods'
481 673 511 735 ἕν
546 672 685 753 βροτοῖςε
714 673 798 738 Οιίτε
833 675 862 737 ἐν
895 676 985 756 ζῶσι,
1018 673 1068 738 διά
1098 674 1133 737 τὸ
1161 669 1238 738 εἶναι
1272 676 1302 738 ἕν
1333 675 1448 754 είρκτρῖ·

322 786 392 851 οὔτε
417 790 447 853 ἐν
470 791 612 868 θανοῦσι,
639 791 691 855 διά
714 790 749 856 τὸ
776 789 820 856 ἔτι
847 793 1007 856 άναπνεῖν.
1053 791 1149 858 Tum:
1174 791 1274 858 λείπει
1300 794 1446 864 σύνοικος.

364 906 531 975 Manifeato
561 909 609 976 his
638 909 745 976 falsum
778 911 887 976 lemma
915 911 1080 997 praefixum
1105 917 1159 976 est.
1206 911 1356 977 Everbis
1379 912 1448 977 οὔτε

321 1025 351 1090 ἐν
370 1027 440 1108 ζῶσι
464 1065 507 1081 -
531 1029 601 1095 οὔτε
629 1031 659 1094 ἐν
682 1032 804 1095 ίανοῡσι
835 1029 913 1093 onim
946 1035 1068 1116 apparet
1097 1028 1245 1094 scholium
1272 1030 1448 1116 intorpreta-

319 1145 434 1212 tionem
466 1148 618 1214 continere
642 1149 802 1213 verborum
826 1147 1032 1232 sequentium:
1053 1149 1086 1211 οὐ
1111 1147 1217 1229 ζῶσιν,
1240 1150 1273 1212 οὐ
1297 1149 1447 1216 θανοῦσιν.

362 1264 521 1331 Praeterea
555 1288 592 1330 ex
627 1265 738 1331 additia
773 1264 872 1331 verbis
907 1264 1008 1329 λείπει
1047 1264 1181 1337 σύνοικος
1213 1268 1298 1352 sequi
1329 1267 1447 1332 videtur

318 1382 510 1448 scholiastam
544 1405 663 1448 versum
698 1382 941 1463 antecedentem,
977 1383 1040 1448 οὔτ’
1078 1386 1107 1449 ἐν
1138 1385 1292 1465 βροτοῖσιν
1322 1385 1386 1450 οὔτ’
1416 1387 1446 1448 ἐν

318 1508 480 1582 νεκροῖσιν,
505 1523 594 1586 quem
617 1500 707 1566 hodie
730 1501 818 1565 multi
842 1501 971 1566 editores
995 1509 1029 1566 ut
1051 1502 1187 1589 spurium
1204 1510 1366 1582 notarunt,
1386 1504 1443 1568 iam

317 1621 437 1706 legisse.
482 1620 579 1685 Aliter
602 1619 682 1686 enim
706 1625 849 1685 annotare
873 1641 933 1683 non
956 1620 1121 1704 potuisset:
1150 1620 1250 1686 λείπει
1276 1621 1421 1694 σύνοικος.

359 1737 452 1825 Legit
473 1737 585 1824 igitur:
610 1737 674 1804 οὔτ’
699 1740 729 1802 ἐν
752 1738 906 1817 βροτοῖσιν
933 1737 995 1802 οὔτ’
1020 1740 1050 1802 ἐν
1075 1748 1220 1821 νεκροῖσιν

610 1855 771 1934 μέτοικος,
796 1857 828 1920 οὑ
853 1856 958 1938 ζῶσιν,
983 1859 1015 1921 οὐ
1040 1857 1189 1923 θανοῦσιν.

313 1974 346 2039 in
370 1971 479 2059 quibus
500 1972 642 2052 μέτοικος
667 1996 736 2039 oum
761 1973 1008 2039 antecedentibus
1031 1975 1159 2061 iungens
1179 1976 1216 2041 ad
1232 1975 1337 2042 ultima
1353 1978 1442 2044 verba

314 2114 403 2158 auum
425 2091 560 2166 σύνοικος
585 2092 747 2181 supplevit.

222 2235 285 2293 853,
360 2211 449 2290 Ἐμοί
472 2211 641 2297 μερίμνας]
662 2209 706 2276 ’Ἠ
730 2213 843 2285 τὸτῆς
871 2210 1021 2292 μερίμνας
1046 2234 1116 2288 μον.

356 2331 553 2396 scribendum
576 2331 711 2396 videtur:
737 2330 800 2406 ἤτοι
826 2336 881 2403 τῖς
908 2330 1057 2426 μερίμνης
1081 2354 1151 2409 μον.
1189 2329 1284 2417 Saepe
1307 2333 1385 2398 enim
1404 2333 1441 2397 ab

312 2450 360 2514 his
390 2449 593 2537 grammaticis
625 2449 770 2515 voeabula
798 2449 862 2524 ἤτοι
896 2457 927 2515 et
957 2449 1050 2528 άγονν
1085 2449 1382 2536 interpretationibus
1410 2458 1441 2515 et

311 2569 419 2655 glossis
443 2570 505 2634 suis
527 2568 773 2656 praemittuntur.
819 2567 985 2633 Manifesto
1009 2568 1104 2654 igitur
1128 2569 1160 2632 in
1183 2573 1287 2653 poetae
1311 2569 1428 2634 verbis:

521 2686 665 2767 ἔψαυσας
690 2685 923 2765 ἀλγεινοτάτας
953 2686 1019 2764 ἐμοί
1048 2685 1218 2767 μερίμνας,

519 2807 636 2885 πατρὸς
659 2803 856 2885 τριπόλιστον
879 2800 958 2870 οἶτον

312 2923 546 3003 ἀλγεινοτάτας
571 2923 724 3005 μερίμνας
751 2929 853 2988 noster
875 2946 928 3010 pro
957 2923 1107 3009 genetiuis
1129 2924 1263 3011 aceepit,
1296 2947 1387 3008 quare
1409 2926 1440 2990 in

311 3043 510 3129 sequentibus
540 3065 602 3110 uon
632 3043 783 3130 reperiens
812 3042 892 3108 unde
919 3043 1110 3108 aecusativus
1136 3042 1332 3122 τριπόλιστον
1361 3042 1439 3109 οίτον

310 3162 473 3249 penderet,
497 3160 651 3248 supplevit
674 3161 776 3225 εἰπάν.
826 3160 874 3224 Ita
897 3161 977 3225 enim
1002 3161 1034 3225 in
1057 3163 1116 3226 tine
1133 3161 1240 3226 sobolii
1260 3161 1297 3227 ed
1314 3185 1358 3229 vs.
1376 3168 1438 3229 859

312 3302 382 3345 oum
405 3278 561 3345 Brunokio
585 3278 778 3345 scribendum
800 3300 854 3366 pro
876 3280 1019 3344 εἰποῦσα.

175 3423 237 3478 364,
256 3423 281 3480 3,
356 3399 402 3463 Τὸ
430 3397 777 3477 rettinendum
804 3396 951 3479 δνσμίρον
979 3397 1112 3480 μντράς,
1136 3398 1199 3478 ἐμῷ
1226 3399 1322 3479 πατρί
1347 3401 1438 3464 αὐτο-

313 3517 443 3596 γένντα·
467 3514 513 3583 der
541 3517 554 3581 ὃ
581 3517 675 3590 αὐτὸς
703 3517 806 3597 πατὴρ
830 3515 902 3595 άμα
926 3516 978 3582 καὶ
1004 3524 1081 3588 ταῖς
1106 3511 1149 3590 ἦν.

356 3635 417 3701 Pro
448 3635 551 3718 πατήρ
581 3635 771 3702 scribendum
799 3635 884 3716 άνάρ.
933 3635 1017 3700 Idem
1042 3635 1122 3700 enim
1145 3635 1282 3723 Oedipus
1304 3638 1440 3706 locastae

312 3756 440 3822 maritus
463 3760 494 3820 et
515 3754 597 3820 filius
620 3761 699 3835 erat,
723 3751 782 3821 non
806 3760 900 3841 pater.

176 3904 237 3965 372,
255 3907 281 3962 4,
357 3867 435 3954 ᾧδὲ
460 3876 476 3950 ἡ
500 3873 654 3951 βασιλεία
680 3874 790 3951 μέλει,
817 3871 915 3953 τούτῳ
942 3874 995 3937 οὐκ
1018 3871 1084 3937 ἔστι
1106 3873 1281 3954 παραβατὶι
1303 3875 1437 3958 άάρχιί,

210 4019 228 4082 '.
312 3993 330 4058 ί
351 3995 417 4060 ἐστι
442 3994 484 4058 τά
508 3989 758 4074 προστάγματα.

356 4112 405 4178 Ito
438 4111 600 4178 Elmsleius
634 4109 757 4188 soribit,
798 4116 946 4176 annotans
980 4134 1034 4200 pro
1068 4110 1164 4191 τούτῳ
1199 4113 1438 4199 manuscriptum

311 4231 421 4298 habere
442 4235 552 4303 τοῦτο,
579 4229 659 4313 quod
683 4229 715 4294 in
739 4227 847 4293 radron
871 4229 1051 4296 mutandum
1078 4251 1194 4296 censeo.

217 4380 278 4436 331·
355 4347 559 4434 Ἀδάιορντον]
583 4346 824 4425 πολυδάκρυτον.
871 4350 1035 4415 Manifeato
1059 4348 1177 4415 falsum.
