3250 5292
763 471 804 532 85

220 679 349 758 γέλλενν
376 686 439 748 τοῖς
471 676 528 754 ἔξω
558 677 602 739 δι’
634 676 840 754 ἀγγέλου·
875 681 925 741 νῦν
954 678 1002 748 δέ,
1029 676 1079 740 διὰ
1106 677 1141 740 τὸ
1164 677 1208 754 μὴ
1232 676 1347 757 δνοοτρέ·

201 793 297 880 Υβονν
325 800 355 862 έν
389 796 431 875 τῷ
467 795 621 874 δροέροοοτν,
656 798 710 860 οὐκ
743 793 893 875 έπονήτεν,
926 795 1006 862 huno
1035 793 1180 881 praebent
1208 815 1345 861 sensum:

220 916 323 984 Solent
346 917 481 1000 (nempe,
506 903 612 998 poetae
637 903 761 998 soeniei)
786 914 916 978 iterem
940 934 1128 1000 comparare,
1154 918 1190 977 ut
1211 934 1247 978 ea
1269 934 1347 998 quae

219 1035 303 1099 intus
333 1036 412 1100 fiunt
441 1034 480 1098 iis
510 1034 564 1118 qui
595 1033 669 1097 foris
697 1040 770 1098 sunt
800 1056 852 1120 per
875 1036 1018 1099 nuntium
1041 1034 1238 1113 nuntientur;
1264 1055 1347 1098 nune

220 1152 300 1217 idem
330 1175 392 1217 non
420 1153 493 1216 feeit
522 1151 696 1236 (Sophocles
727 1154 841 1236 noster)
865 1175 903 1216 ne
926 1152 1068 1218 molestus
1091 1152 1176 1217 tieret
1200 1155 1347 1236 spectato·

219 1270 316 1350 ribus,
351 1269 483 1334 fabulam
518 1268 614 1354 magis
643 1291 733 1352 quum
765 1291 819 1354 par
848 1277 945 1349 esset,
975 1271 1009 1334 in
1035 1269 1159 1356 longum
1186 1267 1344 1334 trahendo.

218 1386 256 1452 Id
283 1387 384 1473 ipsum
407 1387 446 1451 δι’
469 1386 612 1464 οὲγγέλου
636 1387 668 1450 in
691 1388 750 1450 fine
773 1387 878 1451 soholii
902 1387 1046 1452 recurrit:
1072 1384 1281 1468 ἐνεργέστερον
1308 1388 1343 1450 τὸ
1437 1395 1442 1406 ’

219 1507 357 1584 πρᾶγμαν
382 1505 522 1584 γίνεται,
548 1505 566 1579 ἢ
594 1503 631 1568 δι’
654 1506 798 1583 οἱγγέλου
822 1504 1056 1582 σημαινόμενον.

262 1624 420 1689 Praeterea
447 1623 538 1688 verba
560 1623 734 1707 sequentia:
759 1627 860 1687 Τοῦτο
889 1624 951 1704 γὰρ
979 1623 1175 1702 προκείμενον
1197 1623 1233 1687 τὸ
1256 1623 1342 1688 κοντοὶ

218 1745 272 1816 τὴν
297 1743 469 1823 Ἠλέκπροον
497 1741 562 1806 ἐστὶ
597 1741 694 1812 ποέέος
725 1749 867 1826 corrupta
894 1741 971 1805 mini
1001 1740 1160 1820 videntum
1191 1761 1230 1806 ex
1258 1747 1345 1829 perte

217 1862 277 1924 iam
305 1861 413 1924 Editor
442 1861 596 1924 Romanus
626 1860 728 1923 locum
755 1860 873 1922 sonavit
899 1881 1062 1945 pronomen
1086 1863 1176 1924 τοῦτο
1200 1879 1270 1925 enm
1292 1883 1343 1925 un·

217 1977 425 2043 teoedentibus
446 1977 615 2064 iungendo:
640 1979 694 2041 οὐκ
720 1975 844 2051 έποένοε
866 1982 1000 2043 τοῦτο.
1048 1977 1251 2061 Προκεέμενον
1277 1979 1340 2062 γοὶρ

217 2119 247 2162 κ.
258 2121 288 2161 π.
301 2096 326 2162 έ.
361 2097 467 2160 Restat
489 2101 524 2160 ut
545 2117 654 2162 nomen
680 2095 855 2176 Ἠλέκτροον
886 2097 918 2161 in
941 2098 1224 2181 Κλυτονμννὶοτροον
1245 2105 1343 2167 mute·

209 2221 285 2281 tur:
308 2221 374 2281 tum
397 2215 498 2280 omnia
520 2220 600 2279 reete
622 2237 654 2279 se
676 2214 840 2280 habebunt.

262 2339 324 2416 Βορῖ
351 2357 399 2405 τις
425 2330 523 2399 ἔνδονε
555 2334 676 2398 Οῐκεῖον
702 2336 737 2398 τὸ
761 2333 913 2414 riuvinus
942 2339 1107 2413 γυνοονκῶν·
1138 2334 1228 2400 τὸδὲ
1254 2337 1344 2411 οἰνέ-

219 2474 393 2528 κουοτοο,
416 2454 477 2532 οὐχ
503 2453 542 2522 ὡς
566 2452 858 2530 κοοπονγννώοκοοοοοο
883 2458 936 2518 τοῦ
957 2454 1105 2534 Ὀρέστου
1127 2454 1229 2536 ouen
1253 2455 1341 2520 ἄλλον
1365 2483 1367 2487 ·

218 2573 282 2638 ποῖν
306 2572 341 2637 τὸ
366 2575 506 2652 προῖγροοο
530 2569 765 2650 ἐκτρεπόμεναι.

260 2691 372 2755 Verum
407 2689 480 2753 haee
514 2693 652 2773 spectant
682 2687 721 2752 ad
743 2695 916 2774 sequentem
947 2713 995 2757 vs.
1022 2691 1117 2769 1407,
1151 2691 1203 2758 ubi
1226 2689 1343 2757 Chorus

217 2808 308 2872 dicit:

376 2926 480 3001 ἥκοντ’
503 2926 736 3000 οἰνέκουοποο
760 2927 927 3009 δύστανος,
952 2925 1031 2992 ὥστε
1054 2929 1177 3011 Φρῖξοον.

259 3045 303 3110 Ut
332 3047 390 3111 hoo
423 3048 489 3112 loeo
513 3049 546 3112 in
578 3047 707 3128 Codice,
742 3049 785 3113 ita
819 3071 865 3117 vs.
891 3051 974 3114 1493
1005 3049 1042 3114 ab
1066 3049 1210 3116 Elmsleio
1233 3051 1340 3135 fulsum

214 3165 325 3230 lemme
347 3165 463 3230 seholio
486 3167 652 3252 praefixum
674 3172 730 3233 est.
775 3167 903 3253 Legitur
924 3169 1005 3234 enirn
1029 3169 1068 3234 ad
1090 3191 1137 3235 vs.

107 3295 187 3352 1493.
259 3280 355 3368 Τόδε]
380 3285 425 3348 Τὸ
448 3283 576 3365 ἄτυφον
599 3286 693 3348 αὐτὸν
717 3285 902 3358 attrutinat.

258 3401 422 3468 Manifesto
445 3402 592 3468 scholium
614 3404 745 3488 pertinet
766 3405 805 3468 ad
829 3427 874 3469 vs.
902 3407 1002 3485 1489,
1025 3404 1078 3470 ubi
1104 3407 1225 3471 Electra
1247 3406 1340 3473 dicit:

214 3522 253 3593 ὡς
268 3521 334 3598 ἐμοὶ
355 3518 434 3585 τόδ’
453 3521 535 3606 (soil.
555 3521 590 3585 τὸ
609 3519 736 3602 ἄταφον
758 3521 851 3587 αὐτὸν
869 3523 1053 3596 οἰκισθῆναι.
1074 3525 1131 3589 hoe
1151 3524 1189 3588 de
1207 3545 1240 3588 re
1258 3525 1339 3589 enim

214 3639 272 3703 hoo
292 3640 361 3704 looo
384 3639 496 3727 agitur)
525 3639 563 3704 utu
587 3643 690 3704 κυκῶν
712 3639 803 3719 μόνον
826 3640 945 3719 γένοντο
972 3649 1032 3706 τῶν
1056 3641 1159 3707 πυέλου
1184 3642 1334 3724 λυτήριον.

256 3756 369 3823 Contra
376 3808 386 3839 ,
409 3758 492 3842 quod
515 3759 684 3846 Aegisthus
707 3760 782 3824 dioit
805 3783 850 3826 vs.
877 3763 976 3826 1493:

769 3885 849 3961 πῶς,
872 3879 949 3945 τάδ’
970 3882 996 3945 εἰ
1021 3881 1118 3946 κοολὸν

345 3997 488 4078 τοῦργον,
511 3995 622 4062 σκότου
647 3998 710 4075 δεῖ,
734 4001 787 4063 κού
812 3998 972 4080 πρόχειρος
996 3995 1027 4064 εἷ
1047 4012 1191 4076 κτοννεῑν;

212 4112 379 4198 signifieat:
410 4113 511 4197 Quid,
536 4117 562 4181 si
585 4139 644 4182 nex
666 4139 759 4201 quom
782 4119 857 4182 mihi
880 4141 983 4204 paras,
1014 4120 1141 4185 honesta
1163 4127 1225 4201 est,
1255 4126 1336 4187 tene-

211 4232 271 4297 bris
293 4256 369 4320 opus
392 4235 459 4298 est?
494 4235 612 4316 Quidni
634 4236 734 4322 palam
757 4259 804 4300 me
828 4236 1011 4301 obtrunous?
