3250 5292
716 509 798 583 σε’

83 745 149 802 674.
177 729 284 794 ultima
302 727 395 795 verba
413 733 551 814 corrupta
571 732 652 793 sunt.
680 725 813 792 Brunck.
832 725 894 797 δέος
911 727 1114 804 ε’μποοοῦντοο,
1131 723 1183 787 vix
1202 729 1291 791 recte.

177 849 288 914 Sensus
313 845 459 931 requirit:
485 844 548 918 δέος
577 845 622 924 μὲν
650 842 777 924 ἔχοντα.

220 967 304 1032 Dicit
326 971 431 1054 poeta:

399 1088 499 1154 δεινῶν
521 1089 555 1150 τἰ
569 1084 660 1164 όονμοο
683 1083 869 1162 πνευμάτων
893 1084 1028 1164 ε’κοόμοσε

402 1207 549 1272 στένοντα
573 1204 692 1270 πόντον·

176 1330 290 1409 idest,
313 1328 392 1394 idem
416 1332 540 1408 ventus,
565 1325 618 1410 qui
642 1345 722 1390 mare
746 1325 864 1408 turbat,
895 1325 985 1392 etiam
1016 1325 1125 1391 fluctus
1155 1324 1239 1390 sedat
1263 1328 1293 1388 et

177 1471 258 1515 mara
280 1445 477 1533 tranquillum
501 1444 610 1510 reddit.
655 1444 769 1510 Eodem
794 1445 880 1508 modo
903 1443 1050 1509 Horatius
1073 1443 1183 1529 (Oarm.
1208 1446 1238 1510 1.
1262 1445 1292 1508 3.

179 1572 233 1652 16)
256 1568 294 1634 de
315 1567 418 1632 Noto:
597 1585 657 1648 quo
679 1587 741 1628 non
766 1563 876 1628 arbiter
897 1562 1029 1629 Hadriae

440 1684 543 1764 maior,
566 1681 670 1748 tollere
696 1704 749 1747 seu
770 1703 880 1769 ponere
903 1684 968 1746 volt
990 1681 1076 1748 freta.

221 1806 320 1888 Quem
354 1826 475 1870 sensum
510 1801 669 1868 scholiasta
701 1825 761 1867 non
793 1800 983 1886 intelligens,
1012 1822 1094 1866 more
1116 1822 1171 1866 suo
1192 1799 1294 1886 inepte

177 1925 397 2013 praepositione
428 1922 585 2009 suppleta,
615 1919 713 1985 locum
740 1919 784 1984 ita
810 1920 1037 2006 interpretatur:
1061 1917 1163 1985 λείπει
1191 1921 1208 1995 ἡ
1236 1917 1295 1984 ὑπό

177 2043 334 2125 πρόθεσις,
360 2041 396 2107 ἵν’
414 2037 450 2122 ᾖ,
475 2040 532 2104 ὑπὸ
560 2039 659 2104 δεινῶν
685 2035 870 2116 πνενμοότων
895 2037 1043 2104 στένοντα
1073 2037 1182 2104 πόντον
1202 2037 1293 2116 όονμω

179 2168 274 2246 τρῖοον
298 2162 449 2237 ε’κοίμνσεν
474 2159 578 2225 αὐτόν.

84 2303 152 2359 683.
224 2282 274 2348 Ad
287 2281 374 2348 verba
386 2279 538 2362 ἓτοωρείονς
551 2282 644 2358 νομήν
658 2280 731 2345 male
742 2279 901 2365 adscripsit
912 2278 1072 2345 scholiasta
1084 2279 1189 2345 Φολόω.
1204 2279 1294 2361 Quod
1366 2325 1368 2328 -

181 2401 234 2486 qui
253 2400 327 2487 legit
339 2401 425 2480 alter,
445 2399 493 2463 vir
504 2399 708 2486 ineptissimus
723 2403 754 2464 et
765 2397 976 2478 stultissimus,
996 2398 1138 2485 opinatus
1149 2401 1296 2466 estinter-

179 2519 377 2607 pretationem
395 2540 460 2583 esse
479 2517 616 2583 vocabuli
631 2519 725 2595 nepta
738 2525 768 2582 et
779 2515 910 2582 addidit:
933 2518 1029 2594 λιμὴν
1044 2520 1060 2593 i
1077 2517 1189 2601 φολίοο,
1207 2517 1245 2584 ἵν’
1259 2517 1293 2602 ᾖ,

181 2642 271 2716 ἧσῆς
288 2637 441 2718 {carpetrae
462 2636 568 2718 φνλόοο.
588 2636 684 2717 Quasi
703 2636 796 2700 latine
813 2634 910 2699 dicas:
930 2634 1141 2703 familiaritatis
1152 2638 1295 2705 amicitia.

88 2786 153 2842 693,
221 2757 349 2840 ’‘Etpprff'
383 2756 485 2839 ἔρωτος
516 2755 624 2838 Χρείοος
660 2753 749 2820 ἕνεκοο
784 2755 818 2818 τὸ
846 2756 968 2835 χορωνόν
994 2759 1046 2820 νῦν
1070 2757 1297 2839 repatriare:-

181 2879 316 2965 Exponit
343 2878 451 2944 deinde
477 2899 552 2964 qnae
575 2878 614 2942 sit
636 2876 690 2942 illa
711 2875 824 2957 χρεία,
847 2874 957 2960 quibus
979 2877 1069 2942 dictis
1091 2877 1192 2944 addit:
1216 2876 1296 2944 ἕνόεν

180 2997 232 3062 ccl
251 2997 360 3080 βρονχό
380 2999 445 3062 ε’στν
465 2998 500 3062 τὸ
523 2996 656 3079 χορνκόν,
673 2998 711 3068 ὠς
725 2995 797 3076 πρὸς
813 2995 923 3076 χρείων
947 2995 1213 3075 εἰλημμένον.
1239 2996 1298 3063 Pro

181 3116 289 3182 ultimo
301 3117 450 3184 vocabulo
465 3118 656 3183 scribendum
678 3117 946 3199 ποορεολνμμένον,
963 3124 999 3183 nt
1017 3118 1051 3182 in
1069 3117 1178 3182 acholii
1195 3117 1296 3185 initio.

224 3234 383 3321 Sequitur:
411 3235 569 3317 Τέρπετοον
593 3235 606 3298 ό
631 3237 719 3317 χορός
747 3238 797 3302 ε’πὶ
823 3239 865 3318 τῷ
892 3236 1098 3302 ποοόεσόοοο
1129 3245 1185 3314 τῆς
1211 3237 1297 3304 νόσον

182 3355 233 3421 τόν
262 3355 393 3421 staura.
440 3356 518 3422 Gom
540 3356 579 3423 G.
602 3356 808 3423 scribendum:
833 3357 883 3422 ἐπὶ
912 3361 955 3440 τῷ
981 3360 1237 3426 πεπωῦσόωι.

90 3501 155 3562 701,
228 3481 294 3542 Νῦν
327 3475 390 3557 γὰρ
422 3475 488 3555 ἐμοὶ
515 3475 605 3554 μέλει
632 3481 799 3558 propedem:
829 3479 1047 3558 Ἀνοογκοοόως,
1080 3480 1132 3546 acl
1163 3484 1253 3546 τοῦτο
1279 3485 1297 3556 ἡ

185 3595 274 3662 clato:
298 3604 354 3671 τῆς
377 3598 551 3678 ὀρχήσεως,
579 3593 630 3661 ἵνοο
652 3596 696 3675 μὴ
716 3595 787 3680 δοκῇ
809 3597 930 3675 ἀλόγως
956 3599 1006 3664 ἐπὶ
1031 3605 1121 3666 τοῦτο
1136 3600 1297 3668 ἀποοντοῖν.

226 3714 389 3782 Manifesto
405 3715 479 3782 haee
494 3721 631 3802 corrupta
647 3721 728 3781 sunt.
752 3715 874 3781 Scholio
893 3716 944 3782 hic
962 3739 1065 3784 sensns
1083 3719 1182 3798 inesse
1197 3718 1299 3787 debet:

182 3835 349 3902 necessario
379 3835 489 3902 chorus
517 3856 635 3899 canem
664 3834 834 3900 saltationis
862 3836 976 3922 aperit,
1000 3859 1037 3903 ne
1060 3842 1170 3906 temere
1192 3841 1300 3906 saltare

183 3954 332 4021 videatur.
362 3955 498 4020 Fortasse
520 3953 725 4020 scribendum:
748 3955 929 4034 οἶνοογκσοόως
952 3958 1154 4032 dutciaco:
1179 3961 1300 4034 ἡονῐτόοο

185 4079 241 4147 τῆς
265 4074 419 4156 imitarer
446 4098 475 4140 κ.
491 4097 522 4139 τ.
540 4073 565 4139 ἕ.

94 4217 158 4276 716.
230 4191 412 4275 Scholiasta,
433 4215 526 4278 qnurn
542 4215 605 4259 non
622 4193 804 4283 intelligeret
822 4195 857 4274 ἐξ
875 4195 1020 4262 οὶέλπτων
1040 4197 1138 4263 valere
1156 4198 1301 4285 exinspe·

187 4317 271 4394 rato,
302 4311 375 4378 haec
404 4311 496 4378 verba
521 4313 680 4379 coniunxit
703 4337 771 4381 curn
795 4315 942 4382 vocabulo
964 4316 1099 4382 νεοκέωνε
1124 4316 1241 4383 Ὁπότε
1268 4319 1302 4396 ἒξ

188 4430 381 4498 ἀνελπίστων
404 4431 456 4497 :ccl
478 4431 630 4511 praeitor
657 4432 775 4499 νεικέων
797 4435 810 4497 ὁ
835 4435 916 4508 Alo:
943 4435 1141 4515 petractata.

1166 4560 1184 4618 5
