3210 5292
203 687 281 743 1606.
358 668 452 750 (οἷον,
475 669 611 750 ροῦκνροοο
634 671 780 747 ἐγένετο,
802 673 855 736 aad
878 671 997 747 ἐσείσθη
1022 675 1039 747 ἡ
1061 679 1125 750 νῦν,
1146 674 1365 753 προδηλοῦντος
1386 677 1439 738 τοῦ

312 794 378 858 aare
405 792 456 856 τὸν
481 790 603 869 acreda,
637 790 667 853 ἐν
691 782 711 868 ᾧ
738 788 796 854 ἔδει
825 789 1060 856 acordement
1088 792 1141 857 τὸν
1165 791 1327 858 Οἰδίποδος.

357 910 439 976 iilud
469 906 706 973 daordrrsctar
739 915 916 995 corruptum
944 910 1078 990 videtur3
1107 911 1191 994 quod
1218 917 1320 978 autem
1346 909 1442 975 Rima·

312 1030 390 1096 laius
421 1029 455 1095 in
489 1033 561 1093 nota
592 1027 754 1113 legendum
783 1028 926 1114 proponit
948 1027 1184 1094 ἀποσάττεσθαι
1209 1051 1270 1115 qno
1292 1030 1444 1097 τουτοισὶν

314 1134 525 1234 accipiendum
547 1147 686 1233 ignorare
715 1168 762 1210 me
786 1147 892 1213 fateor.

358 1265 529 1331 Scholiasta
552 1264 626 1351 quid
650 1264 749 1329 dicere
773 1264 848 1329 velit
871 1283 933 1330 non
956 1265 1118 1331 obscurum
1139 1273 1202 1346 est,
1223 1287 1330 1352 nempe
1350 1267 1445 1352 signis

313 1385 392 1464 illis,
420 1382 556 1462 tonitru,
587 1381 727 1468 fulgure,
750 1393 845 1447 terrae
872 1389 957 1448 motu
981 1383 1071 1447 deum
1094 1382 1264 1470 significare
1286 1384 1347 1449 iam
1371 1390 1445 1450 tem·

314 1525 372 1590 pus
396 1501 584 1584 adesseque
608 1499 726 1586 Oedipo
750 1522 767 1565 e
790 1501 854 1565 vita
878 1500 1084 1566 decedendum
1109 1502 1159 1568 sit.

360 1623 428 1686 Iam
447 1641 540 1705 quum
554 1637 659 1684 sensus
670 1619 735 1704 ipse
747 1618 906 1683 verborum
920 1617 1080 1684 manifesto
1096 1617 1279 1699 decedendi,
1298 1619 1447 1685 moriendi

316 1739 571 1828 significationem
598 1737 732 1823 flagitet,
761 1737 821 1802 leri
845 1737 1012 1803 mutatione
1034 1737 1130 1818 facta,
1155 1737 1346 1803 scribendum
1369 1736 1447 1802 arbi-

317 1867 397 1926 tror:
429 1857 650 1937 προδηλοῦντος
687 1859 740 1919 τοῦ
777 1856 842 1920 θεοῦ
878 1856 930 1919 τὸν
964 1855 1084 1936 caspia,
1117 1856 1147 1918 ἐν
1176 1847 1196 1933 ᾦ
1229 1852 1287 1920 ἔδει
1314 1855 1447 1920 οὶτονλ-

316 1974 560 2052 λῦττεσθονν
590 1973 643 2038 τδν
671 1972 834 2039 Οἰδίποδος.

360 2093 498 2160 Verbum
530 2091 798 2159 σῦντοολλοῦττεοῦοον
826 2093 889 2158 sive
917 2115 985 2159 cum
1008 2097 1062 2157 τοῦ
1089 2092 1177 2170 βίον,
1204 2097 1258 2158 τοῦ
1286 2093 1339 2174 ζῆν
1364 2093 1449 2159 inne·

317 2219 402 2293 tum,
438 2214 504 2278 sive
535 2235 587 2299 per
618 2234 650 2276 se
679 2212 814 2297 positum
845 2211 889 2277 ita
920 2213 1058 2298 usurpari
1090 2218 1124 2276 ut
1152 2213 1318 2298 significet:
1347 2211 1450 2276 evita

318 2331 481 2412 decedere,
505 2337 632 2397 mortem
656 2329 753 2410 obire,
777 2336 850 2394 nota
874 2352 920 2395 res
943 2335 999 2395 est.

209 2477 288 2536 1074,
359 2451 501 2515 ’Άλλοτε
524 2451 581 2527 μὲν
608 2446 715 2512 τόνονο
741 2448 887 2529 Πρότερον
917 2447 994 2526 pia}
1021 2449 1091 2513 asad
1116 2447 1301 2528 ἐπάσχομεν
1328 2447 1377 2512 ἐστὶ
1405 2449 1447 2528 τῷ

318 2569 425 2650 τοοτρί.
473 2567 556 2633 illud
581 2563 682 2630 araci
703 2565 865 2630 admodum
889 2567 1024 2654 languet.
1063 2567 1245 2633 Mutandum
1273 2563 1395 2630 videtur
1416 2565 1447 2627 in

318 2686 401 2754 δεινοὶ
425 2688 472 2751 vel
495 2683 623 2758 πολλοὶ,
655 2690 690 2750 ut
712 2684 775 2769 ipse
802 2690 890 2769 poeta
917 2684 1010 2750 dicit:
1035 2686 1086 2749 τὸν
1110 2683 1206 2750 τολὺν
1233 2719 1276 2734 -
1297 2681 1384 2748 τόνον
1409 2721 1449 2730 -

319 2805 458 2886 εἴχομεν.
513 2883 516 2889 ¹

209 2953 288 3012 1702,
364 2921 532 2989 Scholiasta
560 2921 600 2986 ad
630 2921 711 2986 hunc
739 2941 859 2984 versum
889 2925 1053 2984 annotans:
1081 2919 1193 2985 Λείντεν
1218 2923 1253 2985 τὸ
1279 2916 1333 2999 ἦς,
1357 2927 1388 2988 et
1410 2922 1449 2987 ad

318 3063 437 3107 versum
471 3049 661 3126 sequentem:
695 3039 754 3103 Κοοδ
780 3045 875 3104 τσονῦν
899 3043 943 3118 aa
971 3037 1071 3116 γένοιό
1095 3064 1145 3116 μον
1171 3037 1287 3124 ἄφιλος
1312 3042 1450 3126 sequitur

318 3183 442 3247 pravam
466 3160 616 3225 Codicum
641 3159 839 3245 scripturam:

584 3279 650 3343 etet
674 3278 770 3360 γέρων
794 3277 951 3359 οῦφίλντος
975 3276 1044 3356 ἐμοῦ
1069 3301 1161 3352 ποτε,

637 3398 689 3462 aa)
719 3397 796 3462 τοῦδε
822 3399 866 3477 μδ
893 3401 1035 3480 aspiras.

210 3546 289 3607 1111,
362 3517 535 3596 Τοντέστο,
565 3515 601 3582 τὰ
626 3517 712 3598 capia
739 3518 772 3581 σὲ
797 3515 878 3598 οῦχος
905 3517 1086 3593 τηλικοῦτόν
1113 3520 1207 3582 ἐστιν.

363 3639 507 3724 Spectant
541 3638 615 3703 haec
650 3638 688 3703 ad
716 3643 822 3724 poetae
849 3637 956 3702 verba:
981 3638 1015 3701 τὸ
1043 3636 1093 3700 οόν
1125 3675 1168 3684 -
1194 3636 1310 3701 τοσόνδ’
1342 3635 1445 3716 cizan

316 3779 483 3845 pronomen
515 3757 716 3842 possessivum
748 3757 854 3822 eodem
882 3755 973 3820 modo
1007 3756 1059 3819 hie
1087 3763 1282 3842 usurpatum,
1314 3778 1374 3841 quo
1403 3777 1445 3821 vs.

317 3880 380 3940 332
405 3876 439 3939 in
462 3874 578 3941 verbis:
603 3884 642 3958 τῇ
672 3876 826 3957 aasentias
850 3870 870 3939 ι’.
897 3897 922 3939 e.
949 3879 1070 3960 propter
1092 3873 1247 3960 providam
1272 3895 1372 3938 curam
1389 3873 1445 3938 tui.

316 3993 415 4075 Quam
444 3993 633 4079 pronominis
662 3993 823 4080 possessivi
846 3993 908 4057 vim
939 3979 1102 4058 scholiasta
1125 3993 1325 4078 interpretans
1349 3990 1447 4055 verbis

315 4133 406 4199 supra
439 4113 611 4178 memoratis
650 4113 766 4194 utitur,
801 4113 834 4176 in
869 4111 980 4197 quibus
1014 4113 1091 4176 hanc
1125 4111 1220 4196 ipsam
1253 4109 1292 4175 ob
1326 4128 1445 4174 eausam

316 4231 429 4313 τοοροδ
460 4231 504 4295 σε’
535 4231 714 4298 mutandum
737 4230 770 4295 in
794 4230 885 4312 περὶ
911 4229 965 4296 σέ.

361 4351 534 4424 Tauricae,
562 4351 597 4416 τὸ
627 4350 694 4432 τερδ
723 4350 757 4414 σὲ
787 4347 867 4430 ἄχος
895 4348 1075 4425 τηλικοῦτόν
1100 4351 1194 4414 εὀτνν.
