3250 5292
701 500 743 560 49

71 723 139 781 697.
210 707 375 773 Scholiasta
407 712 521 794 poetae
537 704 625 770 verba
654 703 688 768 τδ
716 702 874 782 κοίταγμα
903 711 959 779 τῆς
983 702 1041 776 οίίς
1068 705 1279 792 interpretatur

165 849 219 914 per
241 829 275 892 τδ
299 825 416 906 αίγεοον
440 827 586 905 μήρυμα,
604 824 641 888 in
664 822 774 907 quibus
796 823 975 890 vocabulum
996 823 1113 902 αίγενον
1134 823 1277 905 offendit,

110 924 113 930 ¹
165 947 237 1031 quia
259 946 296 1011 de
316 944 384 1011 lane
406 944 526 1030 caprina
547 965 585 1007 ne
608 964 703 1007 sermo
723 941 844 1028 quidem
863 964 927 1008 esse
945 947 1062 1030 potest,
1081 964 1174 1027 quum
1191 947 1280 1030 pocta

100 1075 102 1078 ’
165 1065 274 1131 diserte
303 1064 394 1130 addat
424 1070 493 1137 τῆς
521 1060 615 1134 οίίς.
662 1059 722 1126 Pro
749 1059 866 1139 αίγενον
895 1059 1085 1128 scribendum
1114 1065 1203 1148 puto.
1218 1060 1279 1142 οίρ-

166 1207 287 1258 νενονς
320 1190 386 1249 tum
416 1183 450 1248 τδ
487 1181 645 1262 κοίταγμα
678 1187 732 1255 τῆς
764 1180 822 1253 οίίς
856 1188 936 1247 recte
965 1181 1132 1269 explicatur
1160 1203 1214 1269 per
1242 1179 1277 1244 τδ

166 1303 280 1387 οίρνεοον
301 1305 442 1384 μοίρνμοο.

56 1442 138 1500 .796.
210 1423 287 1490 Τίτ’
321 1425 355 1489 ε’κ
379 1423 555 1505 τροτέδρουε
580 1421 659 1486 Ὅτε
687 1419 852 1500 οίττέκαμεν
880 1420 1076 1501 κυλνίμενος,
1107 1421 1178 1486 τότε
1201 1423 1278 1487 circ·

165 1545 269 1618 τείνοος
292 1544 344 1609 τὸν
364 1543 525 1624 ὀφθαλμὸν
550 1540 599 1606 δνοὶ
621 1547 676 1614 τῆς
701 1540 876 1622 κεχυμένας
897 1546 951 1606 τοῦ
972 1546 1116 1621 σώματος
1138 1544 1279 1625 λιγνύος,

165 1663 244 1732 είδέν
269 1690 312 1745 με
335 1665 581 1746 δακρυρροοῦντα.

8 1810 11 1816 ·
124 1857 126 1864 ¹
160 1845 162 1850 ,
209 1783 308 1850 Verba
334 1787 388 1849 τοῦ
416 1784 559 1861 σώματος
588 1789 727 1869 corrupta
758 1781 908 1862 videntur,
935 1802 989 1867 pro
1019 1781 1140 1867 quibus·
1159 1781 1280 1848 dativus

165 1904 329 1990 requiritur
358 1904 461 1988 itaque
478 1903 682 1969 'scribendum
712 1903 753 1982 τῷ
790 1902 923 1979 οοίματν.
967 1902 1006 1966 Ιυ
1036 1901 1151 1967 scholio
1181 1923 1281 1967 recen·

167 2025 259 2104 tiore,
293 2022 377 2108 quod
409 2022 517 2088 iisdem
550 2022 615 2087 fere
639 2021 754 2103 verbis,
783 2020 895 2106 quibus
921 2027 1074 2103 nostrum,
1104 2027 1281 2107 conceptum

166 2149 230 2224 est,
262 2142 374 2228 legitur
406 2149 471 2214 τοῖς
501 2140 642 2221 ίμμαοις
678 2142 710 2206 in
744 2163 805 2226 quo
839 2142 864 2205 si
899 2141 949 2205 cui
982 2140 1093 2227 duplex
1126 2141 1281 2207 oculorum

167 2261 280 2327 mentio
303 2262 402 2327 minus
424 2263 523 2350 placet
546 2300 589 2312 -
611 2260 777 2334 οίνατείνας
806 2259 873 2324 τὸν
897 2260 1117 2340 ὀφθαλμὸν
1148 2261 1198 2326 ars
1224 2267 1281 2335 τῆς

169 2380 342 2463 κεχυμένας
372 2391 465 2476 Ιτοῖς
502 2383 659 2462 ίμμαον
696 2380 819 2460 λιγνύος
855 2418 898 2433 -
929 2402 981 2467 pro
1017 2391 1080 2455 τοῖς
1112 2380 1233 2464 ίμμασν
1265 2405 1281 2446 e

169 2506 271 2566 nostro
297 2502 409 2568 scholio
431 2501 553 2568 rescribi
578 2502 689 2590 poterit
711 2503 753 2583 τῷ
779 2504 914 2581 οοίματν.

73 2637 140 2691 803.
212 2622 257 2699 μίν
280 2622 462 2704 ἕγγελαοίῇ
485 2622 542 2686 tort
565 2629 623 2687 τῶν
647 2620 821 2701 Οἰχαλίαν.

212 2739 273 2806 Pro
292 2742 455 2822 Οἰχαλίυν
475 2743 607 2808 Brunck.
627 2740 730 2807 scribit
750 2728 944 2823 Οἰχαλνέυν,
968 2748 999 2808 et
1017 2765 1087 2808 sane
1106 2745 1280 2825 Οἰχαλοεὺς

170 2859 280 2926 usitata
302 2869 347 2927 est
372 2862 502 2928 nominis
524 2863 635 2942 forma,
659 2884 842 2947 quamquam
866 2861 1020 2944 Οίχοίλνος
1052 2886 1172 2949 quoque
1202 2864 1283 2951 apud

170 2978 272 3066 Steph.
297 2981 369 3066 Byz.
394 2981 557 3048 invenitur.
587 2982 664 3062 seu,
685 2983 711 3046 si
730 2982 804 3066 quid
823 2988 867 3047 est
890 2982 1084 3066 mutandum,
1101 2985 1282 3072 transposito

171 3104 287 3164 tantum
310 3105 434 3164 accentu
456 3122 511 3186 pro
535 3098 698 3180 Οἰχαλίαν
720 3099 911 3166 scribendum
936 3104 1108 3182 Οἰχαλνῶν.

74 3233 145 3289 812.
218 3215 314 3297 Θέμις
346 3218 382 3298 δ’,
416 3217 484 3282 ε’ττεί
514 3243 566 3296 μοι
599 3220 654 3294 τὴν
688 3219 792 3299 ίέμννο
827 3219 911 3299 ίέμνς
935 3219 967 3285 δέ
989 3223 1072 3287 εὀτνν
1096 3225 1179 3303 ἡμᾶς
1206 3248 1284 3290 κατ-

170 3337 305 3416 arceret
327 3361 391 3419 τον,
414 3337 481 3403 ε’τεδ
504 3341 542 3404 οὺ
566 3338 697 3426 προτέρα
722 3343 778 3415 τὴν
810 3340 895 3420 crac
923 3342 1096 3424 οίτέρῥνψας
1128 3344 1180 3410 καί
1204 3369 1283 3427 τοορ·

170 3455 261 3529 εῖδες·
289 3457 343 3522 ἐὰν
369 3458 401 3523 δὲ
427 3458 619 3540 προέλαβες,
651 3459 720 3524 cirri
747 3465 801 3526 τοῦ
810 3511 820 3540 ,
842 3459 996 3543 Φίοίταοα
1022 3465 1078 3539 τὴν
1104 3463 1188 3544 ίέμνν
1214 3468 1281 3532 καί

172 3581 224 3643 οὐκ
248 3576 372 3656 ἐξεδέξω
380 3629 390 3659 ,
414 3574 467 3650 ἕως
491 3603 520 3643 τι
545 3579 629 3644 κατὰ
653 3583 688 3645 τὸ
713 3578 826 3646 δίκαιον
850 3580 959 3663 προίξ
968 3607 1018 3665 pc.

215 3695 252 3762 In
280 3696 397 3763 ultimis
426 3698 541 3779 verbis,
572 3707 607 3764 ut
628 3701 770 3786 procedat
796 3701 958 3783 sententia,
988 3702 1058 3768 καί
1087 3703 1282 3772 eiiciendum:

171 3814 326 3907 Φροίοοοοα
343 3815 398 3890 riv
418 3817 502 3895 ίέμνν
522 3820 576 3884 οὐκ
595 3819 741 3901 ἐξεδέξω,
765 3817 819 3892 ἕως
839 3844 869 3885 τι
893 3823 978 3888 κατδο
999 3824 1033 3889 τδ
1056 3822 1169 3891 δίκαιον
1191 3824 1282 3906 τροί-

171 3933 265 4012 ξανς
290 3937 364 4022 (sive
386 3935 562 4024 τροίξενοος).

64 4074 124 4130 932
215 4056 262 4122 De
289 4055 380 4142 Hyllo
409 4064 534 4124 matrem
562 4057 736 4125 Deianiram
763 4060 864 4148 gladio
891 4061 1103 4151 interemptam
1125 4065 1285 4154 aspiciente

60 4185 142 4240 θεῆς·
171 4173 243 4240 haec
265 4181 365 4241 narrat
387 4177 508 4243 nutrix:

371 4297 437 4361 ἰδὼν
461 4295 519 4362 t'o‘
542 4299 618 4371 ταῖς
643 4298 776 4380 ᾤμωξεν·
798 4301 876 4383 ἔγνον
899 4304 961 4386 γδορ
985 4302 1089 4377 τοίλας

373 4415 498 4498 τοῦργον
522 4417 594 4483 κατ’
615 4421 706 4504 ὀργῆν
729 4423 766 4495 ὡς
790 4424 946 4507 ἑφαίψεοεν
969 4423 1055 4503 τέδε,

1160 4557 1180 4612 4
