3210 5292
345 661 537 746 capaicores
567 669 599 729 et
627 665 733 730 verba:
765 663 888 729 Τιέττει
920 664 951 730 δὲ
982 672 1072 731 τοῦτο
1104 669 1154 734 ἔτι
1182 676 1236 735 τοῦ
1260 677 1368 749 λοιμοῦ
1392 672 1471 737 dicta

346 786 419 847 sunt
442 781 492 845 διὰ
516 779 624 859 μέσον.

211 911 273 970 198.
292 911 318 968 3.
391 897 543 964 Βούλετοιι
567 900 598 964 δὲ
621 898 748 978 λέγειν,
771 896 817 964 ὅτι
842 901 885 966 τοὶ
910 902 995 966 κοινοὶ
1015 901 1217 969 ἀδιάλειπτον
1238 904 1317 986 ἔχει.
1347 905 1470 992 Requiri

347 1017 468 1084 videtur
490 1018 685 1084 adverbium:
709 1019 932 1091 ἀδιαλείπτως.

257 1148 317 1207 236.
390 1135 508 1201 Ultima
538 1137 645 1202 scholii
672 1137 709 1202 ad
733 1137 815 1202 hunc
838 1159 957 1203 versum
982 1138 1070 1203 verba
1093 1162 1146 1225 per
1169 1162 1201 1204 se
1223 1141 1413 1228 accipienda,
1438 1149 1470 1206 nt

345 1257 498 1343 integrum
515 1254 641 1320 reddant
660 1255 809 1319 scholium
826 1254 863 1320 cd
883 1277 1004 1319 versum
1022 1257 1249 1323 antecedentem
1266 1259 1469 1338 referendum,

343 1374 433 1441 ouius
463 1371 571 1437 scholii
600 1371 710 1436 lemma
742 1371 876 1436 efficiunt
906 1372 1013 1438 verba:
1042 1373 1086 1438 “A
1110 1377 1138 1438 ’κ
1161 1377 1272 1453 τῶνδε,
1296 1377 1470 1463 interprete·

343 1492 457 1558 tionem
480 1495 581 1554 antem
604 1511 639 1554 ea
664 1510 741 1573 quae
764 1496 951 1574 sequuntur:
976 1491 1034 1555 ὥτ’
1057 1494 1158 1557 αὐτῶν
1180 1494 1391 1572 ἀναγκασθεὶς
1412 1497 1470 1559 τῶν

343 1606 552 1694 πραγμάτων.

387 1730 463 1795 Post
492 1729 606 1793 inserto
637 1727 675 1791 δὲ
701 1727 739 1792 ab
767 1728 980 1814 epitomatorc,
1005 1752 1085 1795 more
1108 1752 1180 1811 suo,
1204 1752 1274 1796 cnm
1297 1731 1470 1796 anteceden-

341 1849 424 1916 tibus
448 1848 481 1913 in
503 1868 600 1912 unum
625 1846 797 1912 coniuncta.

253 1985 313 2046 220,
386 1966 540 2033 Ἀνιένιιι;
564 1964 706 2030 τουτέστι
731 1965 858 2045 κιιρτόν.

386 2087 518 2151 Ἀνιένοιι
543 2107 658 2165 errore,
681 2085 713 2149 ni
737 2084 844 2165 fallor,
872 2106 926 2170 pro
951 2083 1068 2165 ἄροτον.

251 2224 313 2280 33ν,
387 2205 471 2284 Ἐγώ
503 2209 533 2270 τ’
557 2205 692 2283 ἐμοιυτὸν
727 2203 797 2268 οὔτε
827 2205 856 2266 σ’
879 2204 1028 2282 altarino:
1063 2205 1174 2270 iccoris
1204 2204 1354 2284 ἀλγύνειν
1387 2203 1469 2287 ἔφη,

342 2323 414 2399 ἴσοις
446 2323 654 2403 ε’τιστοέμενος
692 2320 737 2386 ὅτι
774 2327 875 2392 κοινῶς
902 2322 1071 2387 σέκούσετοιι
1110 2323 1163 2387 ὑπ’
1186 2326 1282 2389 αὐτοῦ
1320 2323 1470 2387 ιὲτιστού-

341 2467 443 2523 μενος.

387 2562 437 2627 Ad
454 2562 528 2628 haec
553 2561 652 2626 editor
672 2559 831 2624 Elmsleius
855 2564 997 2624 annotat:
1021 2559 1090 2626 MS.
1113 2570 1208 2642 aayv,
1232 2584 1302 2627 mox
1325 2564 1473 2641 οὶλνννειν

344 2681 409 2747 sine
431 2685 574 2759 accentu,
597 2679 630 2743 in
654 2685 741 2742 textu
762 2700 834 2742 vero
849 2677 977 2755 οὶλγύνιῖι
995 2679 1088 2743 altero
1107 2680 1220 2764 [quoi]
1238 2690 1363 2745 accentu
1380 2704 1473 2746 eraso.

343 2798 401 2864 Ed.
432 2797 522 2861 Rom.
552 2796 680 2872 οὶλγύνο
712 2804 742 2860 et
773 2794 935 2872 ἀλγύνειν.
982 2795 1031 2858 Ita
1054 2797 1162 2880 legisse
1186 2797 1306 2862 videtur
1329 2821 1475 2883 gramma·

344 2912 455 2982 ticus.''
501 2913 613 2979 Contra
637 2914 713 2978 mihi
736 2921 766 2978 et
789 2920 878 2999 poeta
901 2914 1054 2999 scripsisse
1077 2925 1107 2978 et
1129 2917 1347 2998 grammaticus
1367 2919 1474 3004 legisse

345 3035 466 3100 videtur
487 3032 521 3097 id
544 3032 627 3117 qaod
649 3032 714 3118 ipse
738 3054 843 3096 sensus
866 3031 1013 3117 postulat:
1038 3033 1164 3109 ιέλρννῶ
1189 3040 1219 3098 et
1245 3035 1404 3112 οὶλνονεῖν.

256 3165 317 3224 372.
392 3151 502 3224 Οὐδείς
527 3152 610 3215 ἐστιν
635 3147 665 3223 ὃς
690 3153 722 3215 οὐ
747 3149 853 3213 τοῦτο
877 3174 922 3214 σοι
947 3151 1082 3227 ὀνειδιεῖ,
1106 3149 1186 3233 οἵπερ
1210 3177 1261 3230 μοι
1287 3155 1455 3226 ὠνείδισας.
1513 3227 1515 3230 ,

390 3272 450 3337 Pro
473 3267 580 3335 τοῦτοὶ
594 3269 790 3334 scribendum
815 3269 932 3334 codrot.

213 3405 274 3466 374.
292 3404 320 3464 3.
392 3389 443 3455 διὰ
466 3389 501 3454 τὸ
525 3388 618 3468 πηρὸν
641 3383 719 3453 river
744 3387 866 3451 ἐλεοῦσι
889 3411 924 3450 σε
948 3385 1077 3458 πάντες.
1104 3387 1246 3468 Ἀτοχρν
1272 3389 1335 3469 γὰρ
1359 3391 1412 3454 ael
1439 3391 1474 3454 τὸ

347 3515 403 3584 τῆς
427 3509 599 3591 πηρώσεως.

392 3627 475 3693 Illud
502 3627 568 3692 aei
590 3624 671 3712 quod
691 3624 858 3710 sententiae
879 3629 968 3688 nocet
990 3623 1172 3689 eliciendum
1196 3631 1226 3689 et
1250 3648 1308 3688 σοι
1333 3647 1349 3690 e
1372 3625 1476 3691 codice

265 3809 267 3814 ,
348 3746 388 3813 G.
410 3745 621 3811 inserendum:
645 3742 771 3824 ιὶσοχρν
795 3741 858 3821 γάρ
884 3765 928 3806 σοι
953 3743 986 3806 rt
1011 3766 1042 3806 τ.
1067 3766 1103 3807 τ.

259 3875 321 3935 att.
394 3863 446 3930 Ad
467 3864 550 3929 huno
573 3885 694 3928 versum
718 3861 779 3926 duo
802 3860 917 3925 scholia
939 3866 1058 3925 exstant
1081 3860 1171 3925 haec:

395 3981 527 4067 Ἱκιινός]
550 3980 638 4046 Ἀντὶ
662 3984 738 4057 τοῦ,
760 3979 804 4044 τοι
827 3979 901 4044 κοτ’
924 3979 980 4058 ἐμὲ
1004 3979 1174 4053 ἐκδικῆσαι.

394 4099 571 4179 ’sacrator
595 4099 701 4185 μέλει]
727 4098 856 4176 Λείτει,
880 4096 933 4162 εὀἒν
957 4123 998 4176 με
1023 4098 1185 4180 Φονεύσρο.

391 4218 492 4283 Priori
520 4217 637 4282 scholio
671 4218 748 4283 falso
777 4217 815 4282 ab
846 4217 992 4282 Elmsleio
1022 4217 1132 4281 lemma
1161 4215 1263 4287 ἱκοινός
1292 4217 1477 4301 praefixum

347 4335 484 4403 continet
511 4335 592 4401 enim
622 4334 898 4420 interpretationem
931 4333 1068 4400 vocabuli
1092 4333 1265 4415 ε’κτρῖιξοιι,
1288 4335 1331 4398 ita
1351 4340 1388 4398 ut
1410 4333 1477 4398 duo
