3250 5292
734 495 772 553 81

156 749 159 756 ,
189 703 225 760 ut
247 699 426 763 recentiores
451 697 508 761 viri
532 697 614 762 docti
636 696 680 760 ita
703 695 880 759 scholiastae
907 695 997 759 variis
1020 694 1118 760 modis
1149 694 1316 779 explicant3

172 813 300 898 degitur
322 819 422 879 autem
446 814 479 878 in
502 814 643 879 scholiis:

202 1021 204 1026 y
233 932 358 1011 Δρόμου
381 931 406 995 δ’
428 931 562 1004 iudaea:
598 927 689 1012 Οέον,
713 935 767 996 οὐκ
793 931 946 996 ἐλλείπων
968 930 1055 995 κατα
1079 930 1123 995 τα
1149 929 1314 1011 τέρματα,

189 1050 266 1114 αλλ’
297 1049 360 1122 ἴσος
390 1051 502 1132 φανεὶς
535 1057 598 1120 τοῖς
631 1050 783 1130 τέρμασι,
812 1037 902 1113 ’κατὰ
932 1048 988 1122 τὴν
1017 1051 1113 1114 αὐτοῦ
1139 1048 1235 1130 Φύσιν
1258 1055 1314 1121 τῆς

190 1170 272 1245 νίκας
297 1166 421 1248 έτνχεν·

234 1288 296 1368 Qui
336 1288 379 1351 itu
413 1286 644 1373 interpretatur,
681 1288 773 1353 verba
812 1295 850 1367 τῇ
885 1286 981 1368 φύσει
1016 1309 1085 1352 cum
1119 1285 1315 1369 sequentibus

190 1407 301 1492 iungit.
337 1406 386 1470 Ab
409 1405 466 1469 hac
487 1405 734 1500 interpretatione
752 1404 867 1469 diversa
883 1412 955 1470 sunt
970 1426 1046 1490 quae
1061 1425 1149 1490 porro
1164 1404 1316 1489 leguntur:

189 1526 265 1589 ἀλλ’
295 1522 402 1601 ὁμοίως
429 1523 487 1586 ’καὶ
518 1521 589 1594 ἴσοις
622 1522 880 1601 τεθανμασμένος
907 1524 937 1586 έν
960 1524 1003 1603 τῷ
1029 1519 1250 1600 ἀγωνίσματι,
1275 1523 1314 1592 ὡς
1414 1583 1415 1586 ,

97 1698 101 1702 ,
189 1643 238 1706 ε’τὶ
264 1652 303 1722 τῇ
330 1645 449 1722 μορφῇ·

233 1759 405 1824 Secundum
435 1759 508 1822 haec
537 1759 659 1824 dativus
687 1768 727 1841 τῇ
758 1759 853 1840 φύσει
884 1759 995 1845 pendet
1024 1758 1155 1824 averbo
1178 1746 1313 1832 ἰσώσας,

190 1884 226 1942 ut
260 1899 365 1942 sensus
399 1876 455 1940 sit:
491 1855 586 1959 quum¹
619 1897 742 1940 cursum
773 1877 985 1941 convenienter
1016 1876 1154 1962 egregiae
1185 1883 1317 1943 staturae

191 2019 262 2060 suae
284 1995 448 2081 peregisset
455 2019 465 2072 3
489 1999 535 2057 est
557 1999 657 2058 antem
685 1993 759 2058 haec
782 1993 944 2079 explicatio
967 1994 1129 2060 verissima.

235 2113 340 2176 Unum
373 2116 490 2176 tantum
524 2111 557 2175 in
592 2111 639 2174 his
673 2111 810 2178 offendit.
856 2111 1047 2177 Vocabulum
1082 2112 1171 2177 οέοιλοὶ
1203 2135 1220 2176 a
1253 2133 1314 2196 quo

191 2230 354 2300 secundum
390 2229 499 2314 incipit
537 2228 707 2307 scholium,
743 2251 802 2313 quo
842 2229 883 2292 sit
923 2228 1112 2318 referendum
1143 2252 1189 2295 me
1231 2230 1317 2295 latet.

192 2350 225 2414 Si
259 2353 394 2413 mutatur
426 2347 459 2411 in
493 2346 598 2418 ἄλλος
634 2347 737 2412 omnia
770 2352 860 2410 erunt
890 2368 978 2410 sana:
1011 2342 1084 2410 Οἷον
1116 2385 1158 2395 -
1188 2345 1313 2426 ἔτυχεν·

190 2468 367 2538 Ἄλλως·
394 2466 500 2544 ὁμοίοις
528 2505 570 2516 -
597 2470 714 2547 μορφῇ.

103 2605 166 2662 706,
238 2587 418 2657 Λεύκιτσοο
453 2586 593 2652 Atouria:
625 2585 715 2662 Ἐμοὶ
753 2584 836 2649 δοκεῖ
866 2585 962 2663 ὄνομα
1006 2580 1096 2648 εἶναι·
1136 2584 1219 2649 οὐδὲν
1254 2584 1317 2663 γαρ

195 2704 309 2771 έοτοτον
341 2703 478 2767 ε’σίθετον
509 2698 598 2767 εἶναι·
626 2702 722 2780 ὄνομα
752 2702 815 2783 γαρ
845 2701 943 2783 κύριον
970 2706 1003 2767 οὐ
1031 2702 1317 2783 τροτέθειιιεν,

194 2824 266 2902 πρὸς
291 2823 325 2887 τὸ
352 2826 406 2886 τοῦ
431 2818 621 2900 τρανματος
650 2817 889 2897 ἀνεξέλεγκτον·

239 2939 437 3005 Scribendum
458 2937 597 3003 videtur:
621 2936 717 3015 ὄνομα
740 2938 802 3018 γαρ
824 2937 922 3018 κύριον
943 2939 975 3002 οὐ
1000 2939 1319 3018 τροστέέεικενε
1403 2997 1409 3012 ,

196 3080 304 3122 nomen
325 3057 480 3143 proprium
503 3079 564 3121 nou
588 3056 706 3122 addidit
731 3057 859 3139 (nomini
882 3059 1004 3144 gentis).

103 3195 167 3252 738.
241 3175 410 3242 Scholiasta
439 3179 585 3239 annotans
617 3175 630 3237 ὃ
663 3174 811 3254 Ὀρέστης
846 3175 898 3239 καὶ
930 3176 944 3238 ὃ
975 3177 1134 3251 Ἀθηναῖοι
1161 3179 1321 3244 confirmat

196 3295 319 3362 Codicis
349 3294 528 3380 scripturam
559 3293 793 3372 κάξισώσαντε,
823 3317 878 3379 pro
901 3317 961 3379 qua
984 3295 1073 3360 multi
1096 3295 1166 3360 libri
1189 3295 1320 3373 καξιτὼ·

197 3438 310 3487 σαντες
333 3413 472 3477 afferunt.

104 3545 168 3606 757.
243 3531 303 3596 Καὶ
327 3529 377 3594 ἵνα
401 3528 580 3606 νὀξιὸσιστος
607 3531 652 3604 εἴη
680 3531 875 3608 ὁᾶγγελος,
900 3528 950 3594 ἵνα
974 3530 1072 3595 arara
1095 3531 1130 3594 τὸ
1155 3535 1321 3612 περιπαθὲς

197 3649 242 3726 εἷα
266 3658 305 3732 τῇ
329 3647 496 3731 Ἠλέιιτρμ

240 3769 316 3834 Post
336 3766 478 3846 ἄγγελος
499 3766 690 3834 inserendum
711 3774 756 3832 est
778 3767 869 3832 aci:
897 3765 949 3831 nai
973 3764 1024 3830 ἵνα
1056 3803 1099 3816 -
1123 3769 1137 3831 ὁ
1160 3767 1320 3851 ἄγγελος,

197 3886 250 3952 καὶ
274 3884 325 3951 ἵνα
349 3926 389 3938 -
413 3897 452 3970 τῇ
476 3885 644 3971 Ἠλέκτρα.
1358 3875 1362 3882 ’

105 4015 170 4073 785.
243 4006 350 4082 Errare
381 4006 419 4072 ad
446 4007 527 4072 hunc
557 4028 675 4071 versum
702 4005 859 4072 Scholium
882 4003 1069 4090 adscriptum
1092 4011 1155 4084 est,
1180 4005 1262 4087 quod
1286 4008 1322 4071 ad

201 4147 323 4190 versum
351 4126 415 4188 818
445 4125 587 4212 pertinet.
632 4125 721 4190 Unde
752 4147 832 4190 error
858 4123 977 4188 fluxerit
999 4144 1060 4187 non
1083 4121 1245 4188 obscurum
1268 4133 1323 4192 est.

201 4242 337 4328 Uterque
360 4242 440 4307 enim
464 4264 565 4308 versus
588 4265 606 4308 a
628 4242 775 4310 vocabulo
797 4241 931 4320 ξύνοικος
956 4241 1076 4326 incipit.
1169 4265 1170 4268 ¹

30 4379 106 4433 832.
128 4374 173 4428 11.
246 4361 400 4427 Postrema
429 4360 543 4426 Scholii
572 4360 662 4426 verba
691 4382 760 4425 cum
794 4358 1040 4425 antecedentibus
1067 4358 1143 4424 male
1166 4359 1327 4424 coniuncta

1194 4479 1213 4539 6
