3210 5292
234 1662 295 1718 868.

231 2485 293 2542 316.

369 687 454 752 Haeo
486 708 556 751 vero
585 685 624 750 ad
655 692 788 752 nostram
815 707 877 750 rem
903 707 964 750 oon
987 687 1119 767 iaciunt,
1144 710 1237 774 quum
1262 695 1364 755 nostro
1387 689 1472 752 loco,

325 804 361 869 de
383 805 501 870 loedere
522 811 652 890 pectore
675 804 837 869 sanciendo
862 825 959 868 nermo
983 825 1044 869 non
1067 805 1117 870 sit.

369 923 482 988 Verum
513 946 548 988 ea
575 945 651 1008 qnae
681 928 848 1007 sequnntur
880 926 959 986 recte
990 927 1129 986 nostrum
1157 923 1260 987 locum
1285 923 1435 988 illustrant
1442 951 1452 1002 3

324 1047 419 1128 agunt
441 1041 522 1105 euim
546 1041 583 1106 de
606 1041 729 1106 iudiciis
752 1040 819 1120 dei,
842 1046 877 1104 ut
899 1061 953 1125 per
976 1040 1109 1105 medinm
1132 1063 1238 1106 aevum
1263 1042 1346 1108 dicta
1361 1048 1449 1106 aunt:

323 1157 437 1237 ἕτοιμοι
462 1153 539 1236 ἦμεν
563 1156 671 1229 πάσας
695 1156 855 1235 βασάνους
881 1158 1042 1234 ὑπομένειν
1064 1158 1137 1237 πρὸς
1161 1157 1308 1237 ἔλεγχον·
1328 1159 1448 1225 εἰώθασι

323 1278 354 1342 δὲ
387 1278 418 1341 οἵ
445 1276 608 1354 ὀμνύοντες
644 1277 697 1342 καὶ
731 1275 852 1347 πίστεις
878 1274 1009 1348 διδόντες
1036 1275 1166 1357 μύδρους·
1195 1276 1370 1360 βαστάζειν
1395 1278 1447 1341 καὶ

322 1399 382 1474 πῦρ
413 1393 622 1475 ὑπερβαίνειν·
654 1396 725 1465 τοὺς
756 1394 818 1471 γάρ
842 1395 885 1472 μὴ
911 1394 1035 1475 ἐνόχους
1058 1397 1100 1472 τῷ
1125 1395 1333 1476 άμαρτάμαπι
1358 1394 1447 1476 ᾤοντο

324 1514 376 1577 καὶ
402 1515 431 1578 ἐν
451 1512 573 1585 τούτοις
597 1514 641 1591 μέν
666 1514 791 1591 άλνεῖν.

368 1637 468 1717 Quam
490 1654 629 1718 perverso
648 1653 874 1716 nonnumquam
894 1631 1077 1696 scholiastae
1092 1639 1198 1717 poetae
1214 1633 1451 1720 verba'iungant

324 1761 354 1818 et
380 1753 632 1837 interpretentur,
664 1772 701 1813 ex
724 1750 815 1814 huius
840 1771 941 1814 versus
965 1748 1165 1836 explicatione
1188 1751 1316 1836 intelligi
1339 1758 1449 1836 potest.

323 1871 425 1951 Quum
459 1868 539 1935 euim
570 1876 658 1954 poeta
689 1867 815 1932 dixerit:
847 1866 935 1938 τέλος
969 1867 1005 1943 δ’,
1031 1863 1076 1930 ὅτ’
1109 1868 1191 1931 οὐδὲν
1227 1863 1260 1941 ἦν
1296 1871 1450 1949 ἐρευνῶσιν

323 1986 431 2066 πλέον,
449 1985 470 2051 i.
484 2009 509 2051 e.
529 1987 649 2052 tandem
671 1993 788 2066 autem,
808 2007 903 2068 quum
915 1986 1075 2069 inquisitio
1088 1987 1165 2051 nihil
1178 1987 1265 2052 nobie
1277 1987 1450 2072 expediret,

322 2126 382 2169 non
401 2104 551 2168 intellexit
568 2104 728 2169 scholiasta
746 2101 929 2168 locutionem
951 2103 1044 2168 πλέον
1060 2104 1228 2187 γίγνεται,
1247 2105 1290 2170 ita
1307 2112 1341 2168 ut
1357 2107 1450 2169 πλέον

322 2245 391 2288 cum
415 2222 504 2292 τέλος
528 2223 657 2307 iungens
682 2221 769 2285 hano
783 2220 939 2306 pulchram
961 2229 1109 2307 proponat
1132 2222 1427 2309 interpretationem:

365 2342 411 2404 Τὸ
436 2339 519 2416 ἑξῆς·
544 2336 595 2403 ὅτε
616 2338 646 2402 δὲ
671 2339 824 2417 ἐρευνῶσιν
846 2341 937 2417 ἡμῖν,
963 2339 1045 2403 οὐδὲν
1069 2339 1167 2410 πλέονΙ
1185 2339 1274 2410 τέλος
1290 2340 1448 2421 ἐφαίνετο.

367 2461 436 2523 Οὐκ
465 2455 568 2545 εἶσθα]
602 2457 669 2522 Hoc
698 2457 807 2522 lemma
833 2457 995 2522 Elmarlein
1020 2457 1134 2522 scholio
1158 2458 1196 2522 ad
1226 2458 1307 2522 hunc
1331 2479 1450 2525 versum

321 2579 477 2668 praefigit,
501 2584 665 2643 annotans:
692 2576 758 2658 psic
779 2577 886 2662 legisse
912 2578 1159 2663 grammaticum,
1183 2582 1302 2642 constat
1325 2599 1361 2642 ex
1384 2578 1449 2642 eius

319 2693 599 2784 interpretatione.”
644 2696 702 2760 Est
733 2701 832 2760 autem
864 2696 930 2760 eius
966 2683 1175 2781 interpretatio
1205 2699 1296 2763 haec:
1325 2696 1447 2761 ’Άπιθν

320 2817 373 2880 καὶ
401 2822 451 2880 νῦν
478 2815 540 2894 γάρ
568 2815 668 2892 λέγων
698 2813 819 2892 άνιαρθς
847 2837 898 2890 μοι
927 2809 964 2877 al.
1013 2815 1126 2880 Verum
1159 2839 1195 2881 ex
1225 2818 1280 2883 hac
1304 2821 1448 2906 interpre-

320 2936 437 3001 tatione
457 2958 516 2999 non
536 2956 658 3000 necesse
677 2940 722 2998 est
741 2925 884 3016 sequatur
902 2934 1132 3019 grammaticum
1153 2937 1261 3022 legisse
1279 2941 1332 3003 οὐκ
1349 2933 1447 3003 εἶσθα.

319 3052 430 3118 Custos
459 3054 540 3118 enim
569 3074 664 3136 quum
699 3052 881 3137 rogavisset:
920 3053 1016 3117 εἰπεῖν
1041 3077 1071 3117 τι
1095 3053 1220 3130 διέσεις,
1248 3056 1264 3130 ἢ
1293 3057 1445 3137 στραφεὶς

320 3169 412 3241 οὕτως
447 3171 499 3249 θω;
534 3170 646 3256 (Sobol.
682 3169 858 3249 ε’πιτρέψεις
895 3170 947 3235 καὶ
982 3172 1048 3247 ἐμοὶ
1082 3174 1196 3253 εἰπεῖν,
1232 3174 1248 3248 ἢ
1283 3175 1443 3257 άπέλθιις)

209 3301 219 3314 ·
320 3287 415 3351 Creon
444 3288 614 3373 rsepondit:
645 3289 698 3351 οὐκ
728 3281 815 3350 οἶσθα
848 3287 898 3350 καὶ
933 3294 983 3353 νῦν
1012 3291 1049 3360 ὡς
1079 3291 1208 3371 άνιαρῶς
1234 3292 1359 3370 λέγειςς
1385 3316 1445 3378 quo

321 3405 412 3471 simul
442 3408 501 3470 hoc
523 3406 614 3471 dicit:
640 3410 744 3492 Apage
770 3413 809 3471 te.
836 3405 986 3495 (Ἄπιθι.)
1012 3408 1123 3473 Nonne
1147 3410 1247 3489 vides,
1271 3433 1361 3494 squam
1387 3433 1446 3476 mo·
1489 3479 1494 3488 ,

320 3526 413 3589 leatus
442 3524 500 3586 iam
532 3523 607 3586 mihi
637 3523 678 3586 sia
709 3523 884 3608 garrulitate
912 3527 986 3590 tuat
1022 3525 1109 3590 Licet
1131 3549 1202 3612 crgo
1231 3530 1446 3614 grammaticus

261 3626 265 3633 ⁵
320 3665 372 3729 por
401 3640 489 3706 άπιθι
522 3641 749 3727 interpretetur,
780 3642 856 3706 nibil
880 3649 979 3708 tamen
1004 3644 1121 3721 obstat,
1145 3647 1308 3729 quominus
1337 3650 1446 3734 legerit

230 3907 291 3961 320.

319 3761 351 3824 id
374 3760 456 3843 quod
479 3765 568 3845 poeta
591 3758 654 3823 sine
677 3759 772 3824 dubio
795 3762 932 3846 scripsit:
957 3764 1010 3857 οὖν
1034 3757 1131 3827 οἶσθα.

365 3878 509 3955 Λάλιρμα
553 3878 662 3948 bitot:
708 3873 852 3956 Λάλνμα
898 3879 932 3942 πθ
975 3879 1169 3962 περίτριμμα
1212 3891 1265 3956 τῆς
1306 3889 1443 3970 άγοροῗις,

320 3996 377 4063 οἷον
404 4002 587 4077 πανοῦργος.

363 4117 477 4181 Verum
500 4117 573 4181 haec
596 4123 720 4181 nonest
742 4117 952 4202 interpretatio
973 4120 1112 4184 vocabuli
1131 4119 1292 4202 λάλημα.
1310 4126 1361 4189 sed
1380 4127 1444 4190 eius

316 4235 398 4319 quod
429 4234 514 4299 multi
546 4234 674 4300 editore:
703 4236 735 4298 in
767 4240 883 4300 textum
907 4238 1084 4323 recipientes
1108 4239 1301 4307 scholiastam
1325 4265 1444 4327 quoque

315 4351 422 4438 legisse
445 4351 644 4417 arbitrantur:
670 4351 793 4430 άλνμα.
851 4391 854 4398 ,
