3250 5292
744 539 783 601 97

239 743 316 820 Cum
339 741 516 828 Pluygersio
543 741 754 808 scribendum:

373 859 442 924 Hoc
465 859 574 926 salsum
599 881 662 924 csse
684 859 795 946 putas?
820 858 902 945 fugit
925 864 974 939 te,
997 859 1118 944 inepte,

373 979 473 1060 Quam
497 978 538 1043 sit
562 978 683 1043 sordida
706 978 754 1062 res‘
777 985 807 1042 et
830 978 1001 1043 invenusta.

725 1184 804 1250 rur.
912 1273 919 1286 ¹

239 1330 347 1396 Caesar
372 1332 408 1396 B.
432 1331 471 1397 G.
496 1331 523 1398 I.
548 1336 580 1398 8.
604 1336 637 1398 l.

239 1449 377 1514 Helvetii
408 1487 451 1499 -
481 1449 610 1514 navibus
640 1450 753 1514 iunctis
782 1449 958 1534 ratibusque
987 1448 1194 1535 compluribus
1223 1449 1328 1530 factis,

195 1567 248 1632 alii
278 1566 365 1633 vadis
394 1567 536 1633 Rhodani
568 1570 642 1654 [qua
673 1569 795 1634 minima
824 1569 957 1632 altitudo
971 1567 1212 1656 flaminiaicrat]
1237 1604 1281 1618 -
1303 1567 1330 1632 si

194 1705 385 1772 perrumpere
407 1693 529 1772 possent
552 1687 653 1751 conati
678 1723 721 1736 -
744 1685 858 1771 repulsi
881 1685 939 1748 hoc
963 1691 1073 1750 conatu
1098 1684 1293 1748 destiterunt.

239 1800 354 1869 Verba:
378 1825 438 1888 quo
460 1804 581 1868 mittima
604 1805 737 1870 altitudo
750 1804 891 1888 fluminis
913 1809 997 1882 etat,
1022 1801 1169 1867 eiicienda
1193 1809 1275 1867 suut.

653 1989 655 1993 ‘
714 2011 809 2078 xnr.

176 2233 178 2238 Ι
238 2155 286 2222 Id.
311 2156 392 2226 Ibid.
417 2157 443 2223 Ι.
470 2161 520 2223 13.
546 2160 577 2224 3.

208 2308 210 2314 ¹
239 2273 271 2338 Is
299 2275 342 2340 ita
373 2297 441 2340 cum
471 2275 598 2340 Caesare
628 2276 707 2361 egit:
741 2276 774 2340 Si
797 2297 901 2362 pacem
924 2276 1056 2362 populus
1080 2275 1234 2372 Romanus
1258 2294 1328 2337 curn

195 2393 349 2459 Helvetiis
378 2393 500 2472 faceret,
525 2393 557 2458 in
580 2415 645 2458 eam
670 2401 785 2480 partem
809 2395 906 2458 ituros
929 2399 1021 2478 atque
1044 2392 1098 2458 ibi·
1112 2391 1232 2456 futuros
1255 2389 1328 2455 Hel-

194 2511 306 2590 vetios,
332 2510 384 2576 ubi
408 2533 457 2575 eos
480 2511 588 2576 Caesar
611 2512 820 2576 constituisset
845 2514 949 2598 [atque
974 2531 1034 2576 ease
1057 2512 1225 2595 autumnat}

239 2628 357 2694 Ultima
392 2629 482 2695 verba
516 2651 594 2714 quae
630 2639 664 2695 ut
700 2630 802 2717 spuria
832 2631 935 2695 notavi
969 2651 1023 2717 pro
1058 2629 1155 2716 glossa
1185 2627 1338 2706 vocabuli,

196 2747 397 2813 acautitaisaet
420 2747 558 2812 habenda
581 2756 662 2814 sunt.

718 2953 805 3022 xlv.

239 3100 287 3166 Id.
308 3100 389 3167 lbid.
412 3100 439 3167 I.
464 3104 517 3167 28.
541 3105 572 3166 5.
654 3110 657 3114 ’

240 3218 332 3284 Boios
350 3219 525 3305 petentibus
545 3219 697 3300 Haeduis,
718 3221 800 3305 quod
824 3222 944 3308 egregia
964 3221 1078 3286 virtute
1096 3226 1181 3285 erant
1196 3219 1329 3306 cogniti,

195 3343 232 3406 ut
253 3337 286 3401 in
308 3336 421 3402 finibus
444 3335 509 3400 suis
532 3336 731 3419 collocarent,
756 3339 916 3404 concessit.
960 3391 962 3396 ,
1139 3333 1152 3368 ¹

238 3453 299 3519 Pro
322 3456 506 3520 collocarent
527 3455 623 3521 scribe
647 3456 818 3552 collocaret.

726 3661 796 3728 XV.
852 3709 855 3715 -

239 3809 289 3877 Id.
312 3810 393 3877 Ibid.
418 3811 444 3876 Ι.
470 3814 524 3878 39.
551 3815 579 3877 1.

241 3928 322 3993 Dum
352 3951 464 4014 paucos
495 3928 560 3994 dics
591 3929 628 3994 ad
651 3927 867 3994 Vesontionem
898 3966 938 3978 -
969 3934 1121 4009 moratur,
1146 3949 1183 3992 cx
1205 3949 1330 4014 percon-

195 4046 311 4112 tatione
345 4054 517 4114 nostrorum
551 4046 737 4132 vocibusque
772 4046 929 4112 Gallorum
960 4069 994 4111 ac
1029 4051 1243 4127 mercatorum,
1277 4046 1331 4131 qui

196 4164 313 4250 ingenti
349 4165 560 4251 magnitudine
595 4188 755 4252 corporum
789 4165 975 4246 Germanos,
1009 4164 1184 4230 incredibili
1218 4165 1330 4230 virtute

198 4288 287 4366 atque
314 4284 529 4349 exercitatione
552 4284 584 4348 in
608 4283 699 4349 armis
722 4306 786 4348 esse
809 4282 1023 4370 praedicabant
1047 4319 1090 4335 -
1118 4304 1331 4369 saepenumero

197 4419 259 4464 sese
279 4409 347 4465 cum'
371 4401 420 4466 his
443 4423 618 4488 congressos
641 4425 679 4468 ne
703 4402 821 4469 vultum
846 4401 968 4486 quidem
995 4408 1086 4486 atquc
1109 4401 1203 4467 aciem
1227 4402 1330 4468 oculo·
