<?xml version="1.0" encoding="UTF-8"?>
<!DOCTYPE html PUBLIC "-//W3C//DTD XHTML 1.0 Transitional//EN"
    "http://www.w3.org/TR/xhtml1/DTD/xhtml1-transitional.dtd">
<html xmlns="http://www.w3.org/1999/xhtml" xml:lang="en" lang="en">
 <head>
  <title>
</title>
<meta http-equiv="Content-Type" content="text/html;charset=utf-8" />
  <meta name='ocr-system' content='tesseract 3.04.00' />
  <meta name='ocr-capabilities' content='ocr_page ocr_carea ocr_par ocr_line ocrx_word'/>
</head>
<body>
  <div class='ocr_page' id='page_1' title='image "annotationesads00kruygoog_0082.png"; bbox 0 0 3250 5292; ppageno 0'>
   <div class='ocr_carea' id='block_1_1' title="bbox 716 473 757 534">
    <p class='ocr_par' dir='ltr' id='par_1_1' title="bbox 716 473 757 534">
     <span class='ocr_line' id='line_1_1' title="bbox 716 473 757 534; baseline 0 0"><span class='ocrx_word' id='word_1_1' title='bbox 716 473 757 534; x_wconf 80' lang='grc'><strong>59</strong></span> 
     </span>
    </p>
   </div>
   <div class='ocr_carea' id='block_1_2' title="bbox 81 677 1301 2319">
    <p class='ocr_par' dir='ltr' id='par_1_2' title="bbox 81 677 1301 2319">
     <span class='ocr_line' id='line_1_2' title="bbox 176 677 1294 765; baseline 0.003 -25"><span class='ocrx_word' id='word_1_2' title='bbox 176 678 267 756; x_wconf 76' lang='grc' dir='ltr'><strong><em>χορὸν</em></strong></span> <span class='ocrx_word' id='word_1_3' title='bbox 292 680 335 744; x_wconf 83' lang='grc' dir='ltr'><strong>τά</strong></span> <span class='ocrx_word' id='word_1_4' title='bbox 360 678 441 756; x_wconf 72' lang='grc' dir='ltr'><strong><em>ἑξῆς·</em></strong></span> <span class='ocrx_word' id='word_1_5' title='bbox 463 703 492 745; x_wconf 90' lang='grc' dir='ltr'><strong>κ.</strong></span> <span class='ocrx_word' id='word_1_6' title='bbox 504 703 534 745; x_wconf 91' lang='grc' dir='ltr'><strong>τ.</strong></span> <span class='ocrx_word' id='word_1_7' title='bbox 547 679 572 743; x_wconf 81' lang='grc' dir='ltr'><strong>ἓ.</strong></span> <span class='ocrx_word' id='word_1_8' title='bbox 608 679 676 743; x_wconf 87' lang='grc' dir='ltr'><strong>Ηοσ</strong></span> <span class='ocrx_word' id='word_1_9' title='bbox 692 678 788 765; x_wconf 85' lang='lat' dir='ltr'><strong>igitur</strong></span> <span class='ocrx_word' id='word_1_10' title='bbox 805 677 964 744; x_wconf 69' lang='lat' dir='ltr'><strong>scholiasta</strong></span> <span class='ocrx_word' id='word_1_11' title='bbox 985 678 1172 742; x_wconf 75' lang='lat' dir='ltr'><strong>Tecmessam</strong></span> <span class='ocrx_word' id='word_1_12' title='bbox 1196 678 1294 743; x_wconf 88' lang='lat' dir='ltr'><strong>dicere</strong></span> 
     </span>
     <span class='ocr_line' id='line_1_3' title="bbox 177 795 1294 884; baseline -0.003 -20"><span class='ocrx_word' id='word_1_13' title='bbox 177 805 281 884; x_wconf 88' lang='lat' dir='ltr'><strong>putat:</strong></span> <span class='ocrx_word' id='word_1_14' title='bbox 316 799 422 880; x_wconf 86' lang='lat' dir='ltr'>Brevi,</span> <span class='ocrx_word' id='word_1_15' title='bbox 456 805 491 862; x_wconf 88' lang='lat' dir='ltr'><strong>ut</strong></span> <span class='ocrx_word' id='word_1_16' title='bbox 524 798 654 878; x_wconf 85' lang='lat' dir='ltr'><strong>videtur,</strong></span> <span class='ocrx_word' id='word_1_17' title='bbox 688 797 786 862; x_wconf 93' lang='lat' dir='ltr'><strong>multo</strong></span> <span class='ocrx_word' id='word_1_18' title='bbox 815 797 905 862; x_wconf 89' lang='lat' dir='ltr'><strong>etiam</strong></span> <span class='ocrx_word' id='word_1_19' title='bbox 933 797 1028 882; x_wconf 83' lang='lat' dir='ltr'><strong>magis</strong></span> <span class='ocrx_word' id='word_1_20' title='bbox 1050 796 1189 862; x_wconf 75' lang='lat' dir='ltr'><strong>fremitus</strong></span> <span class='ocrx_word' id='word_1_21' title='bbox 1216 795 1294 861; x_wconf 88' lang='lat' dir='ltr'><strong>edet.</strong></span> 
     </span>
     <span class='ocr_line' id='line_1_4' title="bbox 178 915 1297 1005; baseline -0.001 -24"><span class='ocrx_word' id='word_1_22' title='bbox 178 917 257 983; x_wconf 91' lang='lat' dir='ltr'><strong>Tum</strong></span> <span class='ocrx_word' id='word_1_23' title='bbox 275 925 376 985; x_wconf 89' lang='lat' dir='ltr'><strong>autem</strong></span> <span class='ocrx_word' id='word_1_24' title='bbox 395 941 450 1005; x_wconf 91' lang='lat' dir='ltr'><strong>pro</strong></span> <span class='ocrx_word' id='word_1_25' title='bbox 473 916 663 998; x_wconf 85' lang='grc' dir='ltr'><strong><em>στενάζει</em></strong></span> <span class='ocrx_word' id='word_1_26' title='bbox 688 915 879 982; x_wconf 88' lang='lat' dir='ltr'><strong>scribendum</strong></span> <span class='ocrx_word' id='word_1_27' title='bbox 903 915 1095 993; x_wconf 77' lang='grc' dir='ltr'><strong><em>στενάξει</em></strong></span> <span class='ocrx_word' id='word_1_28' title='bbox 1120 921 1151 980; x_wconf 84' lang='lat' dir='ltr'><strong>et</strong></span> <span class='ocrx_word' id='word_1_29' title='bbox 1169 915 1297 981; x_wconf 83' lang='lat' dir='ltr'><strong>fortasse</strong></span> 
     </span>
     <span class='ocr_line' id='line_1_5' title="bbox 181 1033 1238 1119; baseline 0.002 -20"><span class='ocrx_word' id='word_1_30' title='bbox 181 1033 224 1101; x_wconf 81' lang='grc' dir='ltr'><strong>ἔτι</strong></span> <span class='ocrx_word' id='word_1_31' title='bbox 249 1037 454 1104; x_wconf 84' lang='lat' dir='ltr'><strong>inserendum:</strong></span> <span class='ocrx_word' id='word_1_32' title='bbox 477 1036 589 1118; x_wconf 78' lang='grc' dir='ltr'><strong><em>τάχοο,</em></strong></span> <span class='ocrx_word' id='word_1_33' title='bbox 614 1040 652 1111; x_wconf 78' lang='grc' dir='ltr'><strong>ὡς</strong></span> <span class='ocrx_word' id='word_1_34' title='bbox 675 1035 841 1119; x_wconf 59' lang='lat' dir='ltr'><strong>calvata,</strong></span> <span class='ocrx_word' id='word_1_35' title='bbox 863 1033 909 1100; x_wconf 80' lang='grc' dir='ltr'><strong>ἔτι</strong></span> <span class='ocrx_word' id='word_1_36' title='bbox 935 1039 1059 1114; x_wconf 76' lang='grc' dir='ltr'><strong><em>μάλλον</em></strong></span> <span class='ocrx_word' id='word_1_37' title='bbox 1083 1034 1238 1114; x_wconf 78' lang='grc' dir='ltr'><strong><em>στενάξει.</em></strong></span> 
     </span>
     <span class='ocr_line' id='line_1_6' title="bbox 81 1156 1296 1243; baseline -0.007 -12"><span class='ocrx_word' id='word_1_38' title='bbox 81 1176 150 1232; x_wconf 79' lang='lat'>340.</span> <span class='ocrx_word' id='word_1_39' title='bbox 223 1157 387 1243; x_wconf 87' lang='lat' dir='ltr'><strong>Postquam</strong></span> <span class='ocrx_word' id='word_1_40' title='bbox 407 1157 485 1222; x_wconf 84' lang='lat' dir='ltr'><strong>Aiax</strong></span> <span class='ocrx_word' id='word_1_41' title='bbox 502 1157 693 1237; x_wconf 85' lang='lat' dir='ltr'><strong>exclamavit,</strong></span> <span class='ocrx_word' id='word_1_42' title='bbox 718 1156 750 1220; x_wconf 78' lang='lat' dir='ltr'><strong>id</strong></span> <span class='ocrx_word' id='word_1_43' title='bbox 774 1164 837 1221; x_wconf 80' lang='grc' dir='ltr'><strong><em>τοιῖ</em></strong></span> <span class='ocrx_word' id='word_1_44' title='bbox 857 1163 934 1229; x_wconf 83' lang='grc' dir='ltr'><strong><em>σοιῖ,</em></strong></span> <span class='ocrx_word' id='word_1_45' title='bbox 958 1156 1163 1221; x_wconf 82' lang='lat' dir='ltr'><strong>Tecmessam</strong></span> <span class='ocrx_word' id='word_1_46' title='bbox 1180 1176 1296 1222; x_wconf 83' lang='lat' dir='ltr'><strong>summa</strong></span> 
     </span>
     <span class='ocr_line' id='line_1_7' title="bbox 181 1275 1110 1362; baseline 0 -22"><span class='ocrx_word' id='word_1_47' title='bbox 181 1277 272 1341; x_wconf 88' lang='lat' dir='ltr'><strong>animi</strong></span> <span class='ocrx_word' id='word_1_48' title='bbox 294 1276 519 1362; x_wconf 80' lang='lat' dir='ltr'>perturbatione</span> <span class='ocrx_word' id='word_1_49' title='bbox 540 1285 571 1342; x_wconf 89' lang='lat' dir='ltr'><strong>et</strong></span> <span class='ocrx_word' id='word_1_50' title='bbox 593 1283 676 1343; x_wconf 88' lang='lat' dir='ltr'><strong>matu</strong></span> <span class='ocrx_word' id='word_1_51' title='bbox 698 1276 731 1341; x_wconf 91' lang='lat' dir='ltr'><strong>iu</strong></span> <span class='ocrx_word' id='word_1_52' title='bbox 757 1276 831 1340; x_wconf 88' lang='lat' dir='ltr'><strong>haec</strong></span> <span class='ocrx_word' id='word_1_53' title='bbox 853 1275 944 1340; x_wconf 86' lang='lat' dir='ltr'><strong>verba</strong></span> <span class='ocrx_word' id='word_1_54' title='bbox 966 1276 1110 1362; x_wconf 83' lang='lat' dir='ltr'><strong>erumpit:</strong></span> 
     </span>
     <span class='ocr_line' id='line_1_8' title="bbox 356 1393 1091 1478; baseline -0.003 -18"><span class='ocrx_word' id='word_1_55' title='bbox 356 1393 430 1474; x_wconf 82' lang='grc' dir='ltr'><strong><em>άμιι</em></strong></span> <span class='ocrx_word' id='word_1_56' title='bbox 454 1396 592 1462; x_wconf 71' lang='grc' dir='ltr'><strong><em>τάλαιν’·</em></strong></span> <span class='ocrx_word' id='word_1_57' title='bbox 616 1395 814 1477; x_wconf 80' lang='grc' dir='ltr'><strong><em>Εάράσιιιιες,</em></strong></span> <span class='ocrx_word' id='word_1_58' title='bbox 836 1395 923 1476; x_wconf 76' lang='grc' dir='ltr'><strong><em>άμφὶ</em></strong></span> <span class='ocrx_word' id='word_1_59' title='bbox 948 1393 993 1459; x_wconf 81' lang='grc' dir='ltr'><strong>σά</strong></span> <span class='ocrx_word' id='word_1_60' title='bbox 1018 1395 1091 1478; x_wconf 75' lang='grc' dir='ltr'><strong><em>βοᾷ.</em></strong></span> 
     </span>
     <span class='ocr_line' id='line_1_9' title="bbox 355 1508 1141 1600; baseline -0.003 -21"><span class='ocrx_word' id='word_1_61' title='bbox 355 1516 388 1580; x_wconf 80' lang='grc' dir='ltr'><strong>τί</strong></span> <span class='ocrx_word' id='word_1_62' title='bbox 410 1539 486 1582; x_wconf 88' lang='grc' dir='ltr'><strong><em>τοτε</em></strong></span> <span class='ocrx_word' id='word_1_63' title='bbox 508 1523 651 1600; x_wconf 73' lang='grc' dir='ltr'><strong><em>μενοινάς</em></strong></span> <span class='ocrx_word' id='word_1_64' title='bbox 675 1520 733 1580; x_wconf 82' lang='grc' dir='ltr'><strong>τοῦ</strong></span> <span class='ocrx_word' id='word_1_65' title='bbox 756 1515 826 1580; x_wconf 84' lang='grc' dir='ltr'><strong><em>τοτ’</em></strong></span> <span class='ocrx_word' id='word_1_66' title='bbox 848 1508 895 1589; x_wconf 75' lang='grc' dir='ltr'><strong>εἷς</strong></span> <span class='ocrx_word' id='word_1_67' title='bbox 920 1512 1048 1579; x_wconf 70' lang='grc' dir='ltr'><strong><em>τάλαιν’</em></strong></span> <span class='ocrx_word' id='word_1_68' title='bbox 1069 1513 1141 1591; x_wconf 75' lang='grc' dir='ltr'><strong>ἐγώ.</strong></span> 
     </span>
     <span class='ocr_line' id='line_1_10' title="bbox 224 1627 1298 1722; baseline -0.004 -21"><span class='ocrx_word' id='word_1_69' title='bbox 224 1636 402 1702; x_wconf 77' lang='lat' dir='ltr'><strong>Rectissime</strong></span> <span class='ocrx_word' id='word_1_70' title='bbox 425 1637 496 1701; x_wconf 85' lang='lat' dir='ltr'><strong>haee</strong></span> <span class='ocrx_word' id='word_1_71' title='bbox 518 1637 731 1722; x_wconf 85' lang='lat' dir='ltr'><strong>iuterpretatur</strong></span> <span class='ocrx_word' id='word_1_72' title='bbox 752 1633 940 1699; x_wconf 84' lang='lat' dir='ltr'><strong>Scholiasta:</strong></span> <span class='ocrx_word' id='word_1_73' title='bbox 962 1633 1132 1715; x_wconf 80' lang='grc' dir='ltr'><strong><em>άντοροάσιρς</em></strong></span> <span class='ocrx_word' id='word_1_74' title='bbox 1157 1633 1192 1698; x_wconf 82' lang='grc' dir='ltr'><strong>τὸ</strong></span> <span class='ocrx_word' id='word_1_75' title='bbox 1220 1627 1298 1707; x_wconf 76' lang='grc' dir='ltr'><strong><em>ἦθος·</em></strong></span> 
     </span>
     <span class='ocr_line' id='line_1_11' title="bbox 181 1748 1298 1836; baseline -0.003 -17"><span class='ocrx_word' id='word_1_76' title='bbox 181 1756 294 1833; x_wconf 77' lang='grc' dir='ltr'><strong><em>τὸμὲν</em></strong></span> <span class='ocrx_word' id='word_1_77' title='bbox 320 1755 509 1836; x_wconf 84' lang='grc' dir='ltr'><strong><em>άντοιμάζει,</em></strong></span> <span class='ocrx_word' id='word_1_78' title='bbox 542 1756 577 1820; x_wconf 79' lang='grc' dir='ltr'><strong>τὸ</strong></span> <span class='ocrx_word' id='word_1_79' title='bbox 601 1755 632 1819; x_wconf 72' lang='grc' dir='ltr'><strong>δὲ</strong></span> <span class='ocrx_word' id='word_1_80' title='bbox 658 1760 753 1819; x_wconf 72' lang='lat' dir='ltr'><strong>aeae?</strong></span> <span class='ocrx_word' id='word_1_81' title='bbox 772 1752 824 1816; x_wconf 80' lang='grc' dir='ltr'><strong>τὸν</strong></span> <span class='ocrx_word' id='word_1_82' title='bbox 850 1752 965 1818; x_wconf 70' lang='lat' dir='ltr'><strong>aella·</strong></span> <span class='ocrx_word' id='word_1_83' title='bbox 989 1748 1061 1818; x_wconf 83' lang='grc' dir='ltr'><strong><em>εἶτοι</em></strong></span> <span class='ocrx_word' id='word_1_84' title='bbox 1090 1753 1162 1834; x_wconf 80' lang='grc' dir='ltr'><strong><em>τορὸς</em></strong></span> <span class='ocrx_word' id='word_1_85' title='bbox 1186 1752 1298 1827; x_wconf 67' lang='lat' dir='ltr'><strong>{acala</strong></span> 
     </span>
     <span class='ocr_line' id='line_1_12' title="bbox 181 1871 1299 1956; baseline -0.001 -17"><span class='ocrx_word' id='word_1_86' title='bbox 181 1877 348 1956; x_wconf 79' lang='grc' dir='ltr'><strong><em>ἕσιιτορεῒ,</em></strong></span> <span class='ocrx_word' id='word_1_87' title='bbox 381 1873 433 1939; x_wconf 77' lang='lat' dir='ltr'><strong>aul</strong></span> <span class='ocrx_word' id='word_1_88' title='bbox 464 1872 561 1940; x_wconf 78' lang='grc' dir='ltr'><strong><em>πάλιν</em></strong></span> <span class='ocrx_word' id='word_1_89' title='bbox 595 1881 690 1939; x_wconf 68' lang='lat' dir='ltr'><strong>aeae?</strong></span> <span class='ocrx_word' id='word_1_90' title='bbox 721 1873 771 1938; x_wconf 74' lang='lat' dir='ltr'><strong>ala</strong></span> <span class='ocrx_word' id='word_1_91' title='bbox 800 1871 923 1946; x_wconf 80' lang='grc' dir='ltr'><strong><em>τοιῑδοι,</em></strong></span> <span class='ocrx_word' id='word_1_92' title='bbox 958 1873 1009 1937; x_wconf 76' lang='grc' dir='ltr'><strong><em>νισι)</em></strong></span> <span class='ocrx_word' id='word_1_93' title='bbox 1043 1872 1156 1948; x_wconf 71' lang='grc' dir='ltr'><strong><em>ἑοιντάρν</em></strong></span> <span class='ocrx_word' id='word_1_94' title='bbox 1186 1873 1299 1940; x_wconf 79' lang='grc' dir='ltr'><strong><em>άσολο·</em></strong></span> 
     </span>
     <span class='ocr_line' id='line_1_13' title="bbox 182 1994 327 2079; baseline 0.007 -18"><span class='ocrx_word' id='word_1_95' title='bbox 182 1994 327 2079; x_wconf 81' lang='grc' dir='ltr'><strong><em>φύρετοι.</em></strong></span> 
     </span>
     <span class='ocr_line' id='line_1_14' title="bbox 226 2111 1299 2200; baseline -0.001 -21"><span class='ocrx_word' id='word_1_96' title='bbox 226 2115 320 2180; x_wconf 88' lang='lat' dir='ltr'><strong>Haud</strong></span> <span class='ocrx_word' id='word_1_97' title='bbox 354 2113 445 2180; x_wconf 89' lang='lat' dir='ltr'><strong>dubie</strong></span> <span class='ocrx_word' id='word_1_98' title='bbox 473 2114 546 2179; x_wconf 84' lang='lat' dir='ltr'><strong>haec</strong></span> <span class='ocrx_word' id='word_1_99' title='bbox 575 2113 612 2178; x_wconf 86' lang='lat' dir='ltr'><strong>ab</strong></span> <span class='ocrx_word' id='word_1_100' title='bbox 640 2113 810 2198; x_wconf 79' lang='lat' dir='ltr'><strong>antiquiore</strong></span> <span class='ocrx_word' id='word_1_101' title='bbox 840 2111 1037 2200; x_wconf 82' lang='lat' dir='ltr'><strong>grammatico</strong></span> <span class='ocrx_word' id='word_1_102' title='bbox 1064 2112 1196 2198; x_wconf 84' lang='lat' dir='ltr'><strong>profecta</strong></span> <span class='ocrx_word' id='word_1_103' title='bbox 1219 2118 1299 2178; x_wconf 88' lang='lat' dir='ltr'><strong>suut.</strong></span> 
     </span>
     <span class='ocr_line' id='line_1_15' title="bbox 183 2230 1301 2319; baseline -0.003 -19"><span class='ocrx_word' id='word_1_104' title='bbox 183 2232 342 2300; x_wconf 85' lang='lat' dir='ltr'><strong>Recentior</strong></span> <span class='ocrx_word' id='word_1_105' title='bbox 364 2239 482 2311; x_wconf 83' lang='lat' dir='ltr'><strong>tamen,</strong></span> <span class='ocrx_word' id='word_1_106' title='bbox 504 2232 633 2314; x_wconf 87' lang='lat' dir='ltr'><strong>sciolus,</strong></span> <span class='ocrx_word' id='word_1_107' title='bbox 656 2232 758 2298; x_wconf 84' lang='lat' dir='ltr'><strong>nescio</strong></span> <span class='ocrx_word' id='word_1_108' title='bbox 781 2233 868 2319; x_wconf 82' lang='lat' dir='ltr'><strong>quis,</strong></span> <span class='ocrx_word' id='word_1_109' title='bbox 889 2231 1005 2297; x_wconf 83' lang='lat' dir='ltr'><strong>veritus</strong></span> <span class='ocrx_word' id='word_1_110' title='bbox 1027 2230 1196 2297; x_wconf 82' lang='lat' dir='ltr'><strong>scilicetne</strong></span> <span class='ocrx_word' id='word_1_111' title='bbox 1213 2231 1301 2297; x_wconf 83' lang='lat' dir='ltr'><strong>intel·</strong></span> 
     </span>
    </p>
   </div>
   <div class='ocr_carea' id='block_1_3' title="bbox 183 2347 1300 2441">
    <p class='ocr_par' dir='ltr' id='par_1_3' title="bbox 183 2347 1300 2441">
     <span class='ocr_line' id='line_1_16' title="bbox 183 2347 1300 2441; baseline -0.003 -22"><span class='ocrx_word' id='word_1_112' title='bbox 183 2354 358 2441; x_wconf 87' lang='lat' dir='ltr'><strong>ligeremus,</strong></span> <span class='ocrx_word' id='word_1_113' title='bbox 381 2373 441 2438; x_wconf 88' lang='lat' dir='ltr'><strong>quo</strong></span> <span class='ocrx_word' id='word_1_114' title='bbox 459 2351 537 2417; x_wconf 92' lang='lat' dir='ltr'><strong>illud</strong></span> <span class='ocrx_word' id='word_1_115' title='bbox 556 2347 626 2426; x_wconf 78' lang='grc' dir='ltr'><strong><em>εἶτον</em></strong></span> <span class='ocrx_word' id='word_1_116' title='bbox 643 2352 715 2433; x_wconf 78' lang='grc' dir='ltr'><strong>πρὸς</strong></span> <span class='ocrx_word' id='word_1_117' title='bbox 732 2353 843 2427; x_wconf 68' lang='lat' dir='ltr'><strong>{acala</strong></span> <span class='ocrx_word' id='word_1_118' title='bbox 859 2354 1011 2433; x_wconf 80' lang='grc' dir='ltr'><strong><em>ε’τοιτορεῑ</em></strong></span> <span class='ocrx_word' id='word_1_119' title='bbox 1025 2357 1152 2439; x_wconf 83' lang='lat' dir='ltr'><strong>spectet,</strong></span> <span class='ocrx_word' id='word_1_120' title='bbox 1178 2351 1300 2418; x_wconf 83' lang='lat' dir='ltr'><strong>inserit:</strong></span> 
     </span>
    </p>
   </div>
   <div class='ocr_carea' id='block_1_4' title="bbox 89 2473 1301 4462">
    <p class='ocr_par' dir='ltr' id='par_1_4' title="bbox 89 2473 1301 4462">
     <span class='ocr_line' id='line_1_17' title="bbox 184 2473 475 2555; baseline -0.007 -18"><span class='ocrx_word' id='word_1_121' title='bbox 184 2473 220 2540; x_wconf 81' lang='grc' dir='ltr'><strong>τί</strong></span> <span class='ocrx_word' id='word_1_122' title='bbox 240 2496 316 2538; x_wconf 83' lang='grc' dir='ltr'><strong><em>τοτε</em></strong></span> <span class='ocrx_word' id='word_1_123' title='bbox 338 2477 475 2555; x_wconf 73' lang='grc' dir='ltr'><strong><em>μενοινᾷ.</em></strong></span> 
     </span>
     <span class='ocr_line' id='line_1_18' title="bbox 89 2590 1080 2677; baseline 0 -21"><span class='ocrx_word' id='word_1_124' title='bbox 89 2617 155 2672; x_wconf 73' lang='lat'><strong>354,</strong></span> <span class='ocrx_word' id='word_1_125' title='bbox 228 2591 393 2657; x_wconf 83' lang='lat' dir='ltr'><strong>Scholiasta</strong></span> <span class='ocrx_word' id='word_1_126' title='bbox 416 2591 544 2677; x_wconf 88' lang='lat' dir='ltr'><strong>primum</strong></span> <span class='ocrx_word' id='word_1_127' title='bbox 567 2590 654 2656; x_wconf 88' lang='lat' dir='ltr'><strong>docte</strong></span> <span class='ocrx_word' id='word_1_128' title='bbox 673 2596 774 2656; x_wconf 87' lang='lat' dir='ltr'><strong>narrat</strong></span> <span class='ocrx_word' id='word_1_129' title='bbox 796 2613 888 2676; x_wconf 89' lang='lat' dir='ltr'><strong>quare</strong></span> <span class='ocrx_word' id='word_1_130' title='bbox 911 2613 1027 2671; x_wconf 84' lang='lat' dir='ltr'><strong>versus,</strong></span> <span class='ocrx_word' id='word_1_131' title='bbox 1077 2627 1080 2634; x_wconf 95' lang='lat'>·</span> 
     </span>
     <span class='ocr_line' id='line_1_19' title="bbox 382 2707 1044 2791; baseline -0.005 -16"><span class='ocrx_word' id='word_1_132' title='bbox 382 2708 455 2788; x_wconf 71' lang='grc' dir='ltr'><strong><em>οἴμ’,</em></strong></span> <span class='ocrx_word' id='word_1_133' title='bbox 480 2710 518 2782; x_wconf 78' lang='grc' dir='ltr'><strong>ὡς</strong></span> <span class='ocrx_word' id='word_1_134' title='bbox 543 2708 643 2781; x_wconf 79' lang='grc' dir='ltr'><strong><em>ἔοικάς</em></strong></span> <span class='ocrx_word' id='word_1_135' title='bbox 665 2708 735 2791; x_wconf 74' lang='grc' dir='ltr'><strong><em>ὀρθά</em></strong></span> <span class='ocrx_word' id='word_1_136' title='bbox 759 2716 924 2791; x_wconf 71' lang='grc' dir='ltr'><strong><em>μαρτυρεῖν</em></strong></span> <span class='ocrx_word' id='word_1_137' title='bbox 947 2707 1044 2788; x_wconf 77' lang='grc' dir='ltr'><strong><em>άνοιν·</em></strong></span> 
     </span>
     <span class='ocr_line' id='line_1_20' title="bbox 382 2828 1075 2914; baseline 0 -20"><span class='ocrx_word' id='word_1_138' title='bbox 382 2831 470 2906; x_wconf 76' lang='grc' dir='ltr'><strong><em>δηλοῖ</em></strong></span> <span class='ocrx_word' id='word_1_139' title='bbox 489 2832 520 2897; x_wconf 79' lang='grc' dir='ltr'><strong>δὲ</strong></span> <span class='ocrx_word' id='word_1_140' title='bbox 542 2830 668 2913; x_wconf 72' lang='grc' dir='ltr'><strong><em>τοῦργον</em></strong></span> <span class='ocrx_word' id='word_1_141' title='bbox 691 2832 728 2904; x_wconf 78' lang='grc' dir='ltr'><strong>ὥς</strong></span> <span class='ocrx_word' id='word_1_142' title='bbox 753 2830 964 2914; x_wconf 77' lang='grc' dir='ltr'><strong><em>άφροντίστοιο</em></strong></span> <span class='ocrx_word' id='word_1_143' title='bbox 990 2828 1075 2910; x_wconf 79' lang='grc' dir='ltr'><strong><em>ἔχει,</em></strong></span> 
     </span>
     <span class='ocr_line' id='line_1_21' title="bbox 182 2949 1299 3037; baseline -0.002 -21"><span class='ocrx_word' id='word_1_144' title='bbox 182 2951 296 3032; x_wconf 85' lang='lat' dir='ltr'><strong>Chore,</strong></span> <span class='ocrx_word' id='word_1_145' title='bbox 328 2974 390 3017; x_wconf 89' lang='lat' dir='ltr'><strong>nou</strong></span> <span class='ocrx_word' id='word_1_146' title='bbox 419 2953 591 3017; x_wconf 80' lang='lat' dir='ltr'><strong>Tecmessae</strong></span> <span class='ocrx_word' id='word_1_147' title='bbox 622 2950 775 3016; x_wconf 88' lang='lat' dir='ltr'><strong>tribuendi</strong></span> <span class='ocrx_word' id='word_1_148' title='bbox 803 2951 875 3017; x_wconf 90' lang='lat' dir='ltr'><strong>sint.</strong></span> <span class='ocrx_word' id='word_1_149' title='bbox 927 2949 1045 3017; x_wconf 87' lang='lat' dir='ltr'><strong>Deinde</strong></span> <span class='ocrx_word' id='word_1_150' title='bbox 1078 2951 1299 3037; x_wconf 86' lang='lat' dir='ltr'><strong>interpretatio-</strong></span> 
     </span>
     <span class='ocr_line' id='line_1_22' title="bbox 182 3065 1298 3152; baseline -0.002 -18"><span class='ocrx_word' id='word_1_151' title='bbox 182 3092 251 3136; x_wconf 85' lang='lat' dir='ltr'><strong>uem</strong></span> <span class='ocrx_word' id='word_1_152' title='bbox 270 3071 366 3136; x_wconf 84' lang='lat' dir='ltr'><strong>addit:</strong></span> <span class='ocrx_word' id='word_1_153' title='bbox 392 3068 484 3134; x_wconf 79' lang='grc' dir='ltr'><strong><em>ἔοικεν</em></strong></span> <span class='ocrx_word' id='word_1_154' title='bbox 505 3065 569 3150; x_wconf 79' lang='grc' dir='ltr'><strong><em>οὖν,</em></strong></span> <span class='ocrx_word' id='word_1_155' title='bbox 591 3069 707 3152; x_wconf 72' lang='grc' dir='ltr'><strong><em>φησὶν,</em></strong></span> <span class='ocrx_word' id='word_1_156' title='bbox 730 3065 777 3134; x_wconf 81' lang='grc' dir='ltr'><strong>άτν</strong></span> <span class='ocrx_word' id='word_1_157' title='bbox 795 3071 826 3134; x_wconf 84' lang='grc' dir='ltr'><strong>ἕν</strong></span> <span class='ocrx_word' id='word_1_158' title='bbox 845 3069 979 3152; x_wconf 73' lang='grc' dir='ltr'><strong><em>μεγάλῳ</em></strong></span> <span class='ocrx_word' id='word_1_159' title='bbox 1001 3074 1131 3151; x_wconf 79' lang='grc' dir='ltr'><strong><em>χειμῶνι</em></strong></span> <span class='ocrx_word' id='word_1_160' title='bbox 1152 3067 1298 3149; x_wconf 70' lang='grc' dir='ltr'><strong><em>μέμονάς·</em></strong></span> 
     </span>
     <span class='ocr_line' id='line_1_23' title="bbox 181 3186 1297 3272; baseline -0.003 -17"><span class='ocrx_word' id='word_1_161' title='bbox 181 3192 216 3255; x_wconf 82' lang='grc' dir='ltr'><strong>τὸ</strong></span> <span class='ocrx_word' id='word_1_162' title='bbox 242 3191 302 3272; x_wconf 75' lang='grc' dir='ltr'><strong>γάρ</strong></span> <span class='ocrx_word' id='word_1_163' title='bbox 328 3189 561 3271; x_wconf 71' lang='grc' dir='ltr'><strong><em>ἀφροντίστως,</em></strong></span> <span class='ocrx_word' id='word_1_164' title='bbox 595 3186 670 3264; x_wconf 85' lang='grc' dir='ltr'><strong><em>οἷον,</em></strong></span> <span class='ocrx_word' id='word_1_165' title='bbox 703 3191 753 3256; x_wconf 79' lang='grc' dir='ltr'><strong>διά</strong></span> <span class='ocrx_word' id='word_1_166' title='bbox 779 3192 814 3256; x_wconf 83' lang='grc' dir='ltr'><strong>τὸ</strong></span> <span class='ocrx_word' id='word_1_167' title='bbox 847 3189 965 3269; x_wconf 74' lang='grc' dir='ltr'><strong><em>μνδάνοι</em></strong></span> <span class='ocrx_word' id='word_1_168' title='bbox 996 3188 1225 3268; x_wconf 75' lang='grc' dir='ltr'><strong><em>ἕτιμελιράῆνιιί</em></strong></span> <span class='ocrx_word' id='word_1_169' title='bbox 1245 3212 1297 3253; x_wconf 88' lang='grc' dir='ltr'><strong>σον</strong></span> 
     </span>
     <span class='ocr_line' id='line_1_24' title="bbox 183 3308 1299 3396; baseline -0.001 -21"><span class='ocrx_word' id='word_1_170' title='bbox 183 3312 238 3396; x_wconf 86' lang='lat' dir='ltr'><strong>(ita</strong></span> <span class='ocrx_word' id='word_1_171' title='bbox 250 3310 329 3375; x_wconf 89' lang='lat' dir='ltr'><strong>euim</strong></span> <span class='ocrx_word' id='word_1_172' title='bbox 345 3331 414 3375; x_wconf 90' lang='lat' dir='ltr'><strong>oum</strong></span> <span class='ocrx_word' id='word_1_173' title='bbox 426 3309 508 3376; x_wconf 78' lang='lat' dir='ltr'><strong>Edit.</strong></span> <span class='ocrx_word' id='word_1_174' title='bbox 520 3311 608 3376; x_wconf 83' lang='lat' dir='ltr'><strong>Rom.</strong></span> <span class='ocrx_word' id='word_1_175' title='bbox 621 3310 811 3376; x_wconf 86' lang='lat' dir='ltr'><strong>scribendum</strong></span> <span class='ocrx_word' id='word_1_176' title='bbox 826 3332 880 3396; x_wconf 88' lang='lat' dir='ltr'><strong>pro</strong></span> <span class='ocrx_word' id='word_1_177' title='bbox 895 3310 943 3394; x_wconf 81' lang='grc' dir='ltr'><strong>σε)</strong></span> <span class='ocrx_word' id='word_1_178' title='bbox 960 3310 990 3372; x_wconf 87' lang='grc' dir='ltr'><strong>ἕν</strong></span> <span class='ocrx_word' id='word_1_179' title='bbox 1007 3313 1139 3388; x_wconf 74' lang='grc' dir='ltr'><strong><em>χειμῶνι</em></strong></span> <span class='ocrx_word' id='word_1_180' title='bbox 1152 3308 1299 3388; x_wconf 72' lang='grc' dir='ltr'><strong><em>γέροντος.</em></strong></span> 
     </span>
     <span class='ocr_line' id='line_1_25' title="bbox 225 3425 1299 3516; baseline 0 -22"><span class='ocrx_word' id='word_1_181' title='bbox 225 3429 287 3510; x_wconf 73' lang='lat' dir='ltr'><strong>Qui</strong></span> <span class='ocrx_word' id='word_1_182' title='bbox 301 3429 375 3493; x_wconf 87' lang='lat' dir='ltr'><strong>haec</strong></span> <span class='ocrx_word' id='word_1_183' title='bbox 391 3429 511 3516; x_wconf 82' lang='lat' dir='ltr'><strong>scripsit</strong></span> <span class='ocrx_word' id='word_1_184' title='bbox 527 3428 684 3494; x_wconf 84' lang='lat' dir='ltr'><strong>manifesto</strong></span> <span class='ocrx_word' id='word_1_185' title='bbox 699 3451 753 3515; x_wconf 84' lang='lat' dir='ltr'><strong>pro</strong></span> <span class='ocrx_word' id='word_1_186' title='bbox 774 3427 788 3491; x_wconf 86' lang='grc' dir='ltr'>ἔ</span> <span class='ocrx_word' id='word_1_187' title='bbox 796 3451 866 3508; x_wconf 79' lang='grc' dir='ltr'><strong>χει</strong></span> <span class='ocrx_word' id='word_1_188' title='bbox 884 3428 958 3515; x_wconf 86' lang='lat' dir='ltr'><strong>legit</strong></span> <span class='ocrx_word' id='word_1_189' title='bbox 976 3425 1091 3508; x_wconf 80' lang='grc' dir='ltr'><strong><em>ἔχεις</em></strong></span> <span class='ocrx_word' id='word_1_190' title='bbox 1113 3428 1163 3516; x_wconf 74' lang='grc' dir='ltr'><strong>(ὡς</strong></span> <span class='ocrx_word' id='word_1_191' title='bbox 1186 3431 1299 3511; x_wconf 84' lang='grc' dir='ltr'><strong><em>άφρον-</em></strong></span> 
     </span>
     <span class='ocr_line' id='line_1_26' title="bbox 181 3546 1299 3638; baseline 0 -25"><span class='ocrx_word' id='word_1_192' title='bbox 181 3548 292 3622; x_wconf 78' lang='grc' dir='ltr'><strong><em>σι’στωο</em></strong></span> <span class='ocrx_word' id='word_1_193' title='bbox 314 3546 415 3638; x_wconf 79' lang='grc' dir='ltr'><strong><em>ἔχεις)</em></strong></span> <span class='ocrx_word' id='word_1_194' title='bbox 438 3548 629 3634; x_wconf 84' lang='lat' dir='ltr'><strong>Chommque</strong></span> <span class='ocrx_word' id='word_1_195' title='bbox 653 3548 776 3614; x_wconf 83' lang='lat' dir='ltr'><strong>Aiacem</strong></span> <span class='ocrx_word' id='word_1_196' title='bbox 805 3550 921 3635; x_wconf 86' lang='lat' dir='ltr'><strong>alloqui</strong></span> <span class='ocrx_word' id='word_1_197' title='bbox 944 3555 1044 3635; x_wconf 88' lang='lat' dir='ltr'><strong>putat.</strong></span> <span class='ocrx_word' id='word_1_198' title='bbox 1091 3548 1176 3614; x_wconf 86' lang='lat' dir='ltr'><strong>Alter</strong></span> <span class='ocrx_word' id='word_1_199' title='bbox 1199 3557 1299 3614; x_wconf 88' lang='lat' dir='ltr'><strong>autem</strong></span> 
     </span>
     <span class='ocr_line' id='line_1_27' title="bbox 181 3667 1298 3735; baseline -0.001 0"><span class='ocrx_word' id='word_1_200' title='bbox 181 3669 339 3735; x_wconf 84' lang='lat' dir='ltr'><strong>scholiasta</strong></span> <span class='ocrx_word' id='word_1_201' title='bbox 372 3674 453 3734; x_wconf 87' lang='lat' dir='ltr'><strong>recto</strong></span> <span class='ocrx_word' id='word_1_202' title='bbox 487 3667 566 3733; x_wconf 86' lang='lat' dir='ltr'><strong>vidit</strong></span> <span class='ocrx_word' id='word_1_203' title='bbox 598 3667 731 3734; x_wconf 67' lang='lat' dir='ltr'><strong>(thorum</strong></span> <span class='ocrx_word' id='word_1_204' title='bbox 765 3669 804 3733; x_wconf 91' lang='lat' dir='ltr'><strong>ad</strong></span> <span class='ocrx_word' id='word_1_205' title='bbox 836 3669 1023 3734; x_wconf 78' lang='lat' dir='ltr'><strong>Tecmessam</strong></span> <span class='ocrx_word' id='word_1_206' title='bbox 1050 3690 1082 3733; x_wconf 91' lang='lat' dir='ltr'><strong>se</strong></span> <span class='ocrx_word' id='word_1_207' title='bbox 1111 3674 1298 3734; x_wconf 83' lang='lat' dir='ltr'><strong>convertere:</strong></span> 
     </span>
     <span class='ocr_line' id='line_1_28' title="bbox 181 3785 1301 3872; baseline -0.002 -18"><span class='ocrx_word' id='word_1_208' title='bbox 181 3789 253 3869; x_wconf 75' lang='grc' dir='ltr'><strong>πρὸς</strong></span> <span class='ocrx_word' id='word_1_209' title='bbox 285 3789 339 3863; x_wconf 68' lang='grc' dir='ltr'><strong>τὴν</strong></span> <span class='ocrx_word' id='word_1_210' title='bbox 369 3787 562 3867; x_wconf 73' lang='grc' dir='ltr'><strong><em>Τέκμησσαν</em></strong></span> <span class='ocrx_word' id='word_1_211' title='bbox 586 3787 599 3851; x_wconf 83' lang='grc' dir='ltr'><em>ὃ</em></span> <span class='ocrx_word' id='word_1_212' title='bbox 627 3785 732 3866; x_wconf 71' lang='grc' dir='ltr'><strong><em>λόγος·</em></strong></span> <span class='ocrx_word' id='word_1_213' title='bbox 759 3786 868 3872; x_wconf 74' lang='grc' dir='ltr'><strong><em>νομίζοι</em></strong></span> <span class='ocrx_word' id='word_1_214' title='bbox 897 3813 930 3853; x_wconf 87' lang='grc' dir='ltr'><strong>σε</strong></span> <span class='ocrx_word' id='word_1_215' title='bbox 957 3787 1057 3862; x_wconf 66' lang='lat' dir='ltr'><strong>allatii</strong></span> <span class='ocrx_word' id='word_1_216' title='bbox 1092 3811 1143 3866; x_wconf 89' lang='grc' dir='ltr'><strong>μοι</strong></span> <span class='ocrx_word' id='word_1_217' title='bbox 1177 3811 1301 3869; x_wconf 85' lang='grc' dir='ltr'><strong><em>μεμοιρ·</em></strong></span> 
     </span>
     <span class='ocr_line' id='line_1_29' title="bbox 181 3905 1298 3990; baseline -0.003 -17"><span class='ocrx_word' id='word_1_218' title='bbox 181 3908 340 3990; x_wconf 74' lang='grc' dir='ltr'><strong><em>τνριρνιάνοιι</em></strong></span> <span class='ocrx_word' id='word_1_219' title='bbox 366 3908 433 3990; x_wconf 74' lang='grc' dir='ltr'><strong><em>τερ)</em></strong></span> <span class='ocrx_word' id='word_1_220' title='bbox 457 3914 512 3981; x_wconf 76' lang='grc' dir='ltr'><strong>τῆς</strong></span> <span class='ocrx_word' id='word_1_221' title='bbox 532 3906 647 3985; x_wconf 67' lang='lat' dir='ltr'><strong>uariae</strong></span> <span class='ocrx_word' id='word_1_222' title='bbox 672 3911 726 3972; x_wconf 79' lang='grc' dir='ltr'><strong>τοῦ</strong></span> <span class='ocrx_word' id='word_1_223' title='bbox 749 3908 893 3981; x_wconf 68' lang='lat' dir='ltr'><strong>Alamos·</strong></span> <span class='ocrx_word' id='word_1_224' title='bbox 914 3905 1007 3980; x_wconf 80' lang='grc' dir='ltr'><strong><em>οὕτως</em></strong></span> <span class='ocrx_word' id='word_1_225' title='bbox 1032 3909 1094 3990; x_wconf 75' lang='grc' dir='ltr'><strong>γάρ</strong></span> <span class='ocrx_word' id='word_1_226' title='bbox 1115 3909 1298 3987; x_wconf 78' lang='grc' dir='ltr'><strong><em>τὸτράνμοι</em></strong></span> 
     </span>
     <span class='ocr_line' id='line_1_30' title="bbox 183 4024 1276 4116; baseline 0 -24"><span class='ocrx_word' id='word_1_227' title='bbox 183 4027 329 4095; x_wconf 78' lang='grc' dir='ltr'><strong><em>δείκνυσιν</em></strong></span> <span class='ocrx_word' id='word_1_228' title='bbox 354 4032 446 4107; x_wconf 75' lang='grc' dir='ltr'><strong><em>ἡμῖν,</em></strong></span> <span class='ocrx_word' id='word_1_229' title='bbox 470 4024 515 4094; x_wconf 83' lang='grc' dir='ltr'><strong>άτι</strong></span> <span class='ocrx_word' id='word_1_230' title='bbox 538 4028 675 4107; x_wconf 82' lang='grc' dir='ltr'><strong><em>μοινικῶς</em></strong></span> <span class='ocrx_word' id='word_1_231' title='bbox 701 4030 828 4104; x_wconf 76' lang='grc' dir='ltr'><strong><em>διετέθη.</em></strong></span> <span class='ocrx_word' id='word_1_232' title='bbox 874 4027 935 4096; x_wconf 89' lang='lat' dir='ltr'><strong>Hio</strong></span> <span class='ocrx_word' id='word_1_233' title='bbox 958 4029 1055 4116; x_wconf 85' lang='lat' dir='ltr'><strong>igitur</strong></span> <span class='ocrx_word' id='word_1_234' title='bbox 1076 4028 1151 4115; x_wconf 82' lang='lat' dir='ltr'><strong>legit</strong></span> <span class='ocrx_word' id='word_1_235' title='bbox 1173 4027 1276 4109; x_wconf 78' lang='grc' dir='ltr'><strong><em>ἔχει.</em></strong></span> 
     </span>
     <span class='ocr_line' id='line_1_31' title="bbox 89 4147 1298 4234; baseline 0.001 -24"><span class='ocrx_word' id='word_1_236' title='bbox 89 4171 153 4227; x_wconf 66' lang='grc'><strong>356,</strong></span> <span class='ocrx_word' id='word_1_237' title='bbox 225 4147 345 4234; x_wconf 63' lang='lat' dir='ltr'><strong>Naias]</strong></span> <span class='ocrx_word' id='word_1_238' title='bbox 371 4156 438 4223; x_wconf 74' lang='grc' dir='ltr'><strong>Τάς</strong></span> <span class='ocrx_word' id='word_1_239' title='bbox 476 4156 633 4222; x_wconf 76' lang='grc' dir='ltr'><strong><em>ναυτικῆς·</em></strong></span> <span class='ocrx_word' id='word_1_240' title='bbox 659 4149 725 4214; x_wconf 77' lang='grc' dir='ltr'><strong><em>ε’τεὶ</em></strong></span> <span class='ocrx_word' id='word_1_241' title='bbox 758 4148 947 4213; x_wconf 78' lang='grc' dir='ltr'><strong><em>νοιντιιιοὶ</em></strong></span> <span class='ocrx_word' id='word_1_242' title='bbox 979 4150 1164 4214; x_wconf 69' lang='grc' dir='ltr'><strong><em>δοκοῦσιν</em></strong></span> <span class='ocrx_word' id='word_1_243' title='bbox 1198 4149 1225 4213; x_wconf 80' lang='grc' dir='ltr'><strong>οἱ·</strong></span> <span class='ocrx_word' id='word_1_244' title='bbox 1249 4171 1298 4224; x_wconf 79' lang='lat' dir='ltr'><strong>vn-</strong></span> 
     </span>
     <span class='ocr_line' id='line_1_32' title="bbox 180 4267 1298 4354; baseline 0.004 -26"><span class='ocrx_word' id='word_1_245' title='bbox 180 4269 298 4330; x_wconf 79' lang='grc' dir='ltr'><strong><em>σιῶτοιι.</em></strong></span> <span class='ocrx_word' id='word_1_246' title='bbox 346 4267 407 4333; x_wconf 90' lang='lat' dir='ltr'><strong>Pro</strong></span> <span class='ocrx_word' id='word_1_247' title='bbox 438 4270 487 4334; x_wconf 88' lang='lat' dir='ltr'><strong>his</strong></span> <span class='ocrx_word' id='word_1_248' title='bbox 515 4269 547 4335; x_wconf 89' lang='lat' dir='ltr'><strong>in</strong></span> <span class='ocrx_word' id='word_1_249' title='bbox 579 4274 708 4334; x_wconf 88' lang='lat' dir='ltr'><strong>mentem</strong></span> <span class='ocrx_word' id='word_1_250' title='bbox 740 4269 814 4334; x_wconf 90' lang='lat' dir='ltr'><strong>mihi</strong></span> <span class='ocrx_word' id='word_1_251' title='bbox 847 4270 930 4336; x_wconf 86' lang='lat' dir='ltr'><strong>vonit</strong></span> <span class='ocrx_word' id='word_1_252' title='bbox 952 4268 1096 4335; x_wconf 86' lang='lat' dir='ltr'><strong>seribere:</strong></span> <span class='ocrx_word' id='word_1_253' title='bbox 1132 4268 1199 4334; x_wconf 70' lang='grc' dir='ltr'><strong><em>ἐτεά</em></strong></span> <span class='ocrx_word' id='word_1_254' title='bbox 1227 4268 1298 4354; x_wconf 80' lang='grc' dir='ltr'><strong>(τά)</strong></span> 
     </span>
     <span class='ocr_line' id='line_1_33' title="bbox 181 4387 801 4462; baseline 0.01 -15"><span class='ocrx_word' id='word_1_255' title='bbox 181 4387 353 4453; x_wconf 83' lang='grc' dir='ltr'><strong><em>νιιντικά</em></strong></span> <span class='ocrx_word' id='word_1_256' title='bbox 376 4390 571 4452; x_wconf 63' lang='lat' dir='ltr'><strong>anacam</strong></span> <span class='ocrx_word' id='word_1_257' title='bbox 594 4390 620 4452; x_wconf 83' lang='grc' dir='ltr'><strong>οἱ</strong></span> <span class='ocrx_word' id='word_1_258' title='bbox 645 4393 801 4462; x_wconf 77' lang='grc' dir='ltr'><strong><em>ννσνῶτονι.</em></strong></span> 
     </span>
    </p>
   </div>
   <div class='ocr_carea' id='block_1_5' title="bbox 0 0 1632 5292">
    <p class='ocr_par' dir='ltr' id='par_1_5' title="bbox 0 0 1632 5292">
     <span class='ocr_line' id='line_1_34' title="bbox 0 0 1632 5292; baseline 0 0"><span class='ocrx_word' id='word_1_259' title='bbox 0 0 1632 5292; x_wconf 95' lang='lat' dir='ltr'><strong> </strong></span> 
     </span>
    </p>
   </div>
  </div>
 </body>
</html>
